3352 5528
845 529 889 595 iu

292 751 378 840 leges
410 752 449 819 de
481 753 618 839 nuptiis,
652 773 690 817 cx
722 751 839 838 quibus
869 759 904 816 ut
936 771 976 818 ex
1008 750 1170 819 uberrimo
1203 751 1290 818 fonte
1316 771 1432 838 magna

291 916 402 974 manat
429 927 556 973 morum
586 903 784 993 corruptela,
817 925 879 970 non
913 904 991 972 adeo
1022 906 1098 992 quia
1121 905 1337 996 polygamiam
1362 925 1432 992 par-

292 1063 447 1142 mittunt‚
472 1059 526 1127 scd
551 1061 627 1146 quia
650 1058 786 1125 divortia
810 1067 875 1126 tam
901 1058 1007 1126 facilia
1030 1059 1154 1128 faciunt
1179 1068 1214 1127 ut
1234 1060 1299 1127 ittic
1317 1062 1431 1126 matri·

292 1217 399 1282 monia
430 1216 482 1280 vix
515 1221 703 1282 mereantur
725 1233 765 1285 eo,
786 1213 915 1279 nomine
938 1213 1102 1300 appellari.
1150 1212 1211 1279 Sed
1234 1232 1294 1280 cur
1314 1212 1429 1300 ptura?

293 1369 496 1456 Quicumque
529 1366 827 1435 idohammedanam
860 1365 1045 1433 societatem
1077 1365 1127 1432 vel
1149 1366 1256 1453 aliqua
1276 1387 1316 1434 ex
1339 1375 1431 1454 parte

290 1521 386 1590 babet
409 1525 590 1609 cognitam,
614 1521 702 1587 novit
722 1529 857 1587 centena
881 1519 920 1585 de
943 1540 1060 1606 genere
1083 1520 1141 1586 hoc
1166 1520 1253 1601 dari,
1278 1529 1310 1587 et
1329 1522 1429 1588 simut

288 1677 376 1742 novit
408 1674 529 1742 nullam
562 1695 650 1762 spem
682 1695 751 1742 esse
783 1673 868 1761 apud
900 1672 969 1740 illos
999 1673 1170 1760 aliquando
1192 1673 1271 1741 haec
1293 1674 1426 1742 meliora

286 1827 372 1910 iore,
393 1831 543 1917 quoniam
561 1829 722 1896 notionem
744 1828 824 1915 legis
844 1826 999 1893 divinitus
1018 1826 1209 1914 patefactae,
1231 1837 1262 1895 et
1275 1831 1424 1896 omnibus

287 1984 485 2072 temporibus
508 1982 697 2072 populisque
717 1992 827 2064 ratae,
850 2002 978 2050 summa
1001 2000 1060 2067 ope
1084 1983 1234 2051 retinent.

331 2137 477 2205 Secunda
507 2157 605 2204 causa
638 2138 672 2202 in
703 2157 740 2202 co
774 2144 823 2202 est
853 2137 955 2223 posita
987 2135 1071 2222 quod
1103 2136 1241 2215 Arabes,
1266 2157 1419 2204 novorum

283 2310 455 2378 regnorum
481 2289 661 2358 conditores
683 2299 715 2358 et
738 2311 756 2356 a
778 2296 893 2355 natura
915 2290 1025 2356 multis
1046 2291 1168 2376 ingenii
1184 2290 1311 2357 dotibus
1330 2311 1420 2378 prae·

281 2443 360 2525 diti,
386 2463 444 2511 sua
467 2445 610 2532 ipsorum
635 2442 779 2511 socordia
800 2450 832 2509 et
853 2442 958 2508 civilis
979 2443 1168 2530 prudentiae
1188 2445 1295 2530 inopia
1315 2448 1419 2531 magis

280 2597 446 2684 magisque
470 2618 488 2664 a
512 2597 637 2687 populis
659 2595 823 2684 augendae
846 2595 1041 2663 humanitati
1063 2597 1171 2662 minus
1188 2597 1273 2684 aptis
1294 2596 1418 2666 deloco

277 2750 521 2819 deiiciebantur.
568 2749 782 2818 Ostenderant
809 2770 842 2817 se
868 2749 960 2818 sacile
984 2770 1062 2817 nova
1088 2751 1224 2838 imperia
1248 2751 1416 2837 acquirere

278 2924 389 2991 posse,
421 2903 477 2970 sed
504 2905 602 2970 simul
633 2902 842 2971 ostenderunt
874 2925 907 2971 se
937 2904 1014 2971 bene
1045 2913 1203 2971 moratam
1232 2904 1413 2983 civitatem,

277 3059 310 3124 in
333 3075 397 3144 qua
420 3058 512 3143 quies
532 3066 564 3124 et
588 3058 689 3124 otium
713 3077 787 3124 cum
812 3076 913 3144 aequa
933 3060 1076 3125 omnium
1095 3057 1243 3124 libertate
1261 3059 1412 3124 consiste-

277 3220 367 3288 rent,
391 3210 527 3278 condere
551 3218 584 3277 et
606 3210 749 3279 stabilire
773 3230 835 3276 non
859 3231 960 3298 posse.

320 3363 424 3444 Quum
455 3370 562 3431 essent
592 3364 632 3431 ab
662 3365 784 3452 origine
811 3364 986 3444 Nomades,
1021 3364 1168 3431 libertate
1202 3366 1251 3430 usi
1282 3364 1410 3432 fuerant

273 3518 371 3585 nullis
400 3516 518 3584 tinibus
548 3518 805 3607 circumscripta.
853 3517 1075 3606 Principibus,
1100 3539 1180 3605 quos
1204 3518 1264 3584 sibi
1288 3520 1409 3606 praeie-

273 3680 383 3741 cerant
414 3673 495 3760 ipsi,
531 3672 655 3740 nullum
687 3678 758 3739 erat
791 3673 843 3738 ius
874 3671 1070 3760 imperandi:
1107 3680 1219 3739 contra
1251 3672 1409 3740 debebant

272 3825 381 3893 sedulo
410 3845 523 3892 cavere
554 3846 593 3892 ne
620 3825 703 3894 forte
727 3825 929 3915 popularium
952 3824 1106 3892 ferociam
1129 3834 1161 3893 et
1187 3827 1406 3894 morositatem

270 3980 470 4058 excitarent,
495 3979 668 4066 quominus
691 3987 748 4046 aut
772 3980 880 4046 statim
905 3979 1148 4056 desererentur,
1172 3989 1230 4046 aut
1248 3989 1407 4066 potestate

271 4141 481 4208 exuerentur;
505 4140 538 4200 et
565 4134 593 4199 si
616 4153 691 4200 suos
713 4131 753 4199 ad
777 4132 916 4218 aliquam
942 4121 1009 4199 rem
1034 4133 1270 4220 suscipiendam
1294 4132 1406 4222 impet-

270 4288 335 4355 lere
362 4287 498 4368 vedent,
530 4286 564 4353 id
595 4287 698 4354 solum
723 4284 848 4354 efficere
878 4296 1025 4372 poterant
1049 4289 1077 4353 si
1100 4287 1239 4355 facunda
1262 4287 1404 4354 oratione

266 4445 409 4532 ipsorum
439 4444 562 4510 animos
592 4451 623 4509 et
655 4449 778 4511 mentes
810 4442 1066 4511 commovissent.
1118 4440 1338 4510 abhorrebant
1361 4440 1401 4507 ab
