<?xml version="1.0" encoding="UTF-8"?>
<!DOCTYPE html PUBLIC "-//W3C//DTD XHTML 1.0 Transitional//EN"
    "http://www.w3.org/TR/xhtml1/DTD/xhtml1-transitional.dtd">
<html xmlns="http://www.w3.org/1999/xhtml" xml:lang="en" lang="en">
 <head>
  <title>
</title>
<meta http-equiv="Content-Type" content="text/html;charset=utf-8" />
  <meta name='ocr-system' content='tesseract 3.04.00' />
  <meta name='ocr-capabilities' content='ocr_page ocr_carea ocr_par ocr_line ocrx_word'/>
</head>
<body>
  <div class='ocr_page' id='page_1' title='image "./oratiodecausisc00dozygoog/oratiodecausisc00dozygoog_0019.png"; bbox 0 0 3352 5528; ppageno 0'>
   <div class='ocr_carea' id='block_1_1' title="bbox 870 584 915 652">
    <p class='ocr_par' dir='ltr' id='par_1_1' title="bbox 870 584 915 652">
     <span class='ocr_line' id='line_1_1' title="bbox 870 584 915 652; baseline 0 0"><span class='ocrx_word' id='word_1_1' title='bbox 870 584 915 652; x_wconf 85' lang='grc'><strong>16</strong></span> 
     </span>
    </p>
   </div>
   <div class='ocr_carea' id='block_1_2' title="bbox 323 802 1467 4429">
    <p class='ocr_par' dir='ltr' id='par_1_2' title="bbox 323 802 1467 4429">
     <span class='ocr_line' id='line_1_2' title="bbox 375 802 1464 898; baseline -0.006 -21"><span class='ocrx_word' id='word_1_2' title='bbox 375 809 465 898; x_wconf 82' lang='lat' dir='ltr'><strong>dpud</strong></span> <span class='ocrx_word' id='word_1_3' title='bbox 494 804 772 873; x_wconf 86' lang='lat' dir='ltr'><strong>Moharnmcdanos</strong></span> <span class='ocrx_word' id='word_1_4' title='bbox 802 815 913 872; x_wconf 87' lang='lat' dir='ltr'><strong>contra</strong></span> <span class='ocrx_word' id='word_1_5' title='bbox 944 805 1070 872; x_wconf 88' lang='lat' dir='ltr'><strong>scholae</strong></span> <span class='ocrx_word' id='word_1_6' title='bbox 1095 802 1263 870; x_wconf 81' lang='lat' dir='ltr'><strong>inferiores</strong></span> <span class='ocrx_word' id='word_1_7' title='bbox 1288 827 1383 892; x_wconf 88' lang='lat' dir='ltr'><strong>penes</strong></span> <span class='ocrx_word' id='word_1_8' title='bbox 1412 825 1464 871; x_wconf 89' lang='lat' dir='ltr'><strong>sa·</strong></span> 
     </span>
     <span class='ocr_line' id='line_1_3' title="bbox 327 959 1464 1047; baseline -0.006 -16"><span class='ocrx_word' id='word_1_9' title='bbox 327 963 472 1032; x_wconf 88' lang='lat' dir='ltr'><strong>cerdotes</strong></span> <span class='ocrx_word' id='word_1_10' title='bbox 503 967 745 1036; x_wconf 86' lang='lat' dir='ltr'><strong>remanserunt,</strong></span> <span class='ocrx_word' id='word_1_11' title='bbox 781 968 813 1025; x_wconf 86' lang='lat' dir='ltr'><strong>et</strong></span> <span class='ocrx_word' id='word_1_12' title='bbox 848 981 908 1025; x_wconf 90' lang='lat' dir='ltr'><strong>non</strong></span> <span class='ocrx_word' id='word_1_13' title='bbox 944 979 1131 1047; x_wconf 80' lang='lat' dir='ltr'><strong>progressae</strong></span> <span class='ocrx_word' id='word_1_14' title='bbox 1163 967 1256 1039; x_wconf 90' lang='lat' dir='ltr'><strong>sunt,</strong></span> <span class='ocrx_word' id='word_1_15' title='bbox 1292 959 1347 1026; x_wconf 94' lang='lat' dir='ltr'><strong>sed</strong></span> <span class='ocrx_word' id='word_1_16' title='bbox 1379 968 1464 1026; x_wconf 88' lang='lat' dir='ltr'><strong>retro</strong></span> 
     </span>
     <span class='ocr_line' id='line_1_4' title="bbox 328 1112 1463 1204; baseline -0.005 -21"><span class='ocrx_word' id='word_1_17' title='bbox 328 1118 479 1204; x_wconf 80' lang='lat' dir='ltr'><strong>relapsae.</strong></span> <span class='ocrx_word' id='word_1_18' title='bbox 515 1113 628 1180; x_wconf 82' lang='lat' dir='ltr'><strong>Excrsi</strong></span> <span class='ocrx_word' id='word_1_19' title='bbox 653 1122 728 1179; x_wconf 84' lang='lat' dir='ltr'><strong>sunt</strong></span> <span class='ocrx_word' id='word_1_20' title='bbox 753 1134 879 1199; x_wconf 89' lang='lat' dir='ltr'><strong>semper</strong></span> <span class='ocrx_word' id='word_1_21' title='bbox 904 1114 1079 1190; x_wconf 84' lang='lat' dir='ltr'><strong>adorano,</strong></span> <span class='ocrx_word' id='word_1_22' title='bbox 1104 1115 1158 1200; x_wconf 87' lang='lat' dir='ltr'><strong>qui</strong></span> <span class='ocrx_word' id='word_1_23' title='bbox 1184 1112 1266 1179; x_wconf 87' lang='lat' dir='ltr'><strong>male</strong></span> <span class='ocrx_word' id='word_1_24' title='bbox 1290 1112 1463 1178; x_wconf 85' lang='lat' dir='ltr'><strong>cohaerens</strong></span> 
     </span>
     <span class='ocr_line' id='line_1_5' title="bbox 327 1264 1463 1355; baseline -0.004 -18"><span class='ocrx_word' id='word_1_25' title='bbox 327 1281 359 1337; x_wconf 90' lang='lat' dir='ltr'><strong>et</strong></span> <span class='ocrx_word' id='word_1_26' title='bbox 383 1266 611 1355; x_wconf 85' lang='lat' dir='ltr'><strong>incipientibus</strong></span> <span class='ocrx_word' id='word_1_27' title='bbox 634 1267 731 1332; x_wconf 91' lang='lat' dir='ltr'><strong>nimis</strong></span> <span class='ocrx_word' id='word_1_28' title='bbox 755 1264 895 1331; x_wconf 87' lang='lat' dir='ltr'><strong>difficilis</strong></span> <span class='ocrx_word' id='word_1_29' title='bbox 918 1265 999 1332; x_wconf 88' lang='lat' dir='ltr'><strong>liber</strong></span> <span class='ocrx_word' id='word_1_30' title='bbox 1020 1275 1080 1333; x_wconf 87' lang='lat' dir='ltr'><strong>est.</strong></span> <span class='ocrx_word' id='word_1_31' title='bbox 1119 1268 1229 1354; x_wconf 89' lang='lat' dir='ltr'><strong>ltaque</strong></span> <span class='ocrx_word' id='word_1_32' title='bbox 1253 1268 1368 1334; x_wconf 88' lang='lat' dir='ltr'><strong>merito</strong></span> <span class='ocrx_word' id='word_1_33' title='bbox 1393 1285 1463 1332; x_wconf 87' lang='lat' dir='ltr'><strong>sac-</strong></span> 
     </span>
     <span class='ocr_line' id='line_1_6' title="bbox 326 1419 1463 1506; baseline -0.005 -16"><span class='ocrx_word' id='word_1_34' title='bbox 326 1424 398 1490; x_wconf 90' lang='lat' dir='ltr'><strong>culo</strong></span> <span class='ocrx_word' id='word_1_35' title='bbox 418 1423 491 1489; x_wconf 86' lang='lat' dir='ltr'><strong>Xlll</strong></span> <span class='ocrx_word' id='word_1_36' title='bbox 509 1419 790 1487; x_wconf 84' lang='lat' dir='ltr'><strong>lilohammedanus</strong></span> <span class='ocrx_word' id='word_1_37' title='bbox 813 1419 928 1506; x_wconf 89' lang='lat' dir='ltr'><strong>aliquis</strong></span> <span class='ocrx_word' id='word_1_38' title='bbox 944 1423 1071 1487; x_wconf 77' lang='lat' dir='ltr'><strong>acutior</strong></span> <span class='ocrx_word' id='word_1_39' title='bbox 1090 1422 1297 1487; x_wconf 85' lang='lat' dir='ltr'><strong>exclamavit:</strong></span> <span class='ocrx_word' id='word_1_40' title='bbox 1329 1419 1374 1488; x_wconf 72' lang='lat'><strong>«0</strong></span> <span class='ocrx_word' id='word_1_41' title='bbox 1398 1427 1463 1486; x_wconf 92' lang='lat' dir='ltr'><strong>sto·</strong></span> 
     </span>
     <span class='ocr_line' id='line_1_7' title="bbox 325 1572 1460 1664; baseline -0.007 -19"><span class='ocrx_word' id='word_1_42' title='bbox 325 1579 423 1645; x_wconf 91' lang='lat' dir='ltr'><strong>lidam</strong></span> <span class='ocrx_word' id='word_1_43' title='bbox 454 1585 582 1662; x_wconf 82' lang='lat' dir='ltr'><strong>gentem</strong></span> <span class='ocrx_word' id='word_1_44' title='bbox 624 1582 781 1640; x_wconf 89' lang='lat' dir='ltr'><strong>nostram:</strong></span> <span class='ocrx_word' id='word_1_45' title='bbox 823 1593 841 1638; x_wconf 83' lang='lat' dir='ltr'><strong>a</strong></span> <span class='ocrx_word' id='word_1_46' title='bbox 879 1572 961 1639; x_wconf 87' lang='lat' dir='ltr'><strong>libro</strong></span> <span class='ocrx_word' id='word_1_47' title='bbox 996 1573 1103 1639; x_wconf 91' lang='lat' dir='ltr'><strong>divino</strong></span> <span class='ocrx_word' id='word_1_48' title='bbox 1131 1577 1294 1664; x_wconf 87' lang='lat' dir='ltr'><strong>auspicari</strong></span> <span class='ocrx_word' id='word_1_49' title='bbox 1325 1593 1460 1661; x_wconf 89' lang='lat' dir='ltr'><strong>puerum</strong></span> 
     </span>
     <span class='ocr_line' id='line_1_8' title="bbox 327 1726 1464 1816; baseline -0.004 -20"><span class='ocrx_word' id='word_1_50' title='bbox 327 1730 456 1807; x_wconf 88' lang='lat' dir='ltr'><strong>iubent,</strong></span> <span class='ocrx_word' id='word_1_51' title='bbox 476 1748 572 1816; x_wconf 89' lang='lat' dir='ltr'><strong>quem</strong></span> <span class='ocrx_word' id='word_1_52' title='bbox 592 1727 709 1793; x_wconf 88' lang='lat' dir='ltr'><strong>lihrum</strong></span> <span class='ocrx_word' id='word_1_53' title='bbox 729 1729 773 1793; x_wconf 89' lang='lat' dir='ltr'><strong>ita</strong></span> <span class='ocrx_word' id='word_1_54' title='bbox 794 1726 871 1812; x_wconf 85' lang='lat' dir='ltr'><strong>legit</strong></span> <span class='ocrx_word' id='word_1_55' title='bbox 893 1736 927 1793; x_wconf 86' lang='lat' dir='ltr'><strong>ut</strong></span> <span class='ocrx_word' id='word_1_56' title='bbox 949 1727 1027 1792; x_wconf 90' lang='lat' dir='ltr'>nihil</span> <span class='ocrx_word' id='word_1_57' title='bbox 1048 1728 1245 1814; x_wconf 79' lang='lat' dir='ltr'><strong>intelligatl»</strong></span> <span class='ocrx_word' id='word_1_58' title='bbox 1275 1728 1464 1814; x_wconf 74' lang='lat' dir='ltr'><strong>Antiquitas</strong></span> 
     </span>
     <span class='ocr_line' id='line_1_9' title="bbox 326 1881 1462 1951; baseline -0.004 0"><span class='ocrx_word' id='word_1_59' title='bbox 326 1895 518 1951; x_wconf 89' lang='lat' dir='ltr'><strong>tamennon</strong></span> <span class='ocrx_word' id='word_1_60' title='bbox 549 1889 618 1948; x_wconf 89' lang='lat' dir='ltr'><strong>erat</strong></span> <span class='ocrx_word' id='word_1_61' title='bbox 642 1881 784 1946; x_wconf 82' lang='lat' dir='ltr'><strong>Coranus</strong></span> <span class='ocrx_word' id='word_1_62' title='bbox 809 1882 939 1947; x_wconf 90' lang='lat' dir='ltr'><strong>unicum</strong></span> <span class='ocrx_word' id='word_1_63' title='bbox 968 1883 1181 1948; x_wconf 89' lang='lat' dir='ltr'><strong>institutionis</strong></span> <span class='ocrx_word' id='word_1_64' title='bbox 1204 1881 1462 1947; x_wconf 77' lang='lat' dir='ltr'><strong>fundamentum.</strong></span> 
     </span>
     <span class='ocr_line' id='line_1_10' title="bbox 325 2034 1464 2123; baseline -0.005 -18"><span class='ocrx_word' id='word_1_65' title='bbox 325 2039 431 2106; x_wconf 80' lang='lat' dir='ltr'><strong>Etiam</strong></span> <span class='ocrx_word' id='word_1_66' title='bbox 464 2034 589 2102; x_wconf 84' lang='lat' dir='ltr'><strong>saeculo</strong></span> <span class='ocrx_word' id='word_1_67' title='bbox 621 2034 710 2111; x_wconf 83' lang='lat' dir='ltr'><strong>XIV,</strong></span> <span class='ocrx_word' id='word_1_68' title='bbox 735 2053 930 2121; x_wconf 88' lang='lat' dir='ltr'><strong>quamquam</strong></span> <span class='ocrx_word' id='word_1_69' title='bbox 955 2034 1016 2101; x_wconf 89' lang='lat' dir='ltr'><strong>late</strong></span> <span class='ocrx_word' id='word_1_70' title='bbox 1042 2043 1165 2123; x_wconf 89' lang='lat' dir='ltr'><strong>pateret</strong></span> <span class='ocrx_word' id='word_1_71' title='bbox 1188 2034 1397 2112; x_wconf 84' lang='lat' dir='ltr'><strong>lanatismus,</strong></span> <span class='ocrx_word' id='word_1_72' title='bbox 1430 2037 1464 2099; x_wconf 97' lang='lat' dir='ltr'><strong>in</strong></span> 
     </span>
     <span class='ocr_line' id='line_1_11' title="bbox 325 2187 1461 2278; baseline -0.002 -22"><span class='ocrx_word' id='word_1_73' title='bbox 325 2191 479 2278; x_wconf 89' lang='lat' dir='ltr'><strong>Hispania</strong></span> <span class='ocrx_word' id='word_1_74' title='bbox 512 2198 544 2255; x_wconf 86' lang='lat' dir='ltr'><strong>et</strong></span> <span class='ocrx_word' id='word_1_75' title='bbox 578 2188 685 2254; x_wconf 82' lang='lat' dir='ltr'><strong>Africa</strong></span> <span class='ocrx_word' id='word_1_76' title='bbox 716 2190 845 2274; x_wconf 89' lang='lat' dir='ltr'><strong>propria</strong></span> <span class='ocrx_word' id='word_1_77' title='bbox 880 2189 912 2252; x_wconf 92' lang='lat' dir='ltr'><strong>in</strong></span> <span class='ocrx_word' id='word_1_78' title='bbox 947 2188 1063 2254; x_wconf 87' lang='lat' dir='ltr'><strong>scholis</strong></span> <span class='ocrx_word' id='word_1_79' title='bbox 1094 2187 1301 2256; x_wconf 80' lang='lat' dir='ltr'><strong>inferioribus</strong></span> <span class='ocrx_word' id='word_1_80' title='bbox 1334 2189 1461 2255; x_wconf 82' lang='lat' dir='ltr'><strong>classici</strong></span> 
     </span>
     <span class='ocr_line' id='line_1_12' title="bbox 324 2341 1464 2432; baseline -0.001 -23"><span class='ocrx_word' id='word_1_81' title='bbox 324 2352 434 2432; x_wconf 80' lang='lat' dir='ltr'><strong>poetae</strong></span> <span class='ocrx_word' id='word_1_82' title='bbox 471 2352 501 2409; x_wconf 89' lang='lat' dir='ltr'><strong>et</strong></span> <span class='ocrx_word' id='word_1_83' title='bbox 539 2343 712 2429; x_wconf 88' lang='lat' dir='ltr'><strong>scriptores</strong></span> <span class='ocrx_word' id='word_1_84' title='bbox 747 2341 999 2427; x_wconf 85' lang='lat' dir='ltr'><strong>explicabantur.</strong></span> <span class='ocrx_word' id='word_1_85' title='bbox 1055 2341 1114 2409; x_wconf 89' lang='lat' dir='ltr'><strong>Sed</strong></span> <span class='ocrx_word' id='word_1_86' title='bbox 1151 2363 1213 2407; x_wconf 90' lang='lat' dir='ltr'><strong>non</strong></span> <span class='ocrx_word' id='word_1_87' title='bbox 1250 2351 1319 2409; x_wconf 88' lang='lat' dir='ltr'><strong>erat</strong></span> <span class='ocrx_word' id='word_1_88' title='bbox 1352 2341 1464 2409; x_wconf 88' lang='lat' dir='ltr'><strong>eadem</strong></span> 
     </span>
     <span class='ocr_line' id='line_1_13' title="bbox 324 2493 1464 2584; baseline -0.003 -21"><span class='ocrx_word' id='word_1_89' title='bbox 324 2496 442 2584; x_wconf 84' lang='lat' dir='ltr'><strong>uirique</strong></span> <span class='ocrx_word' id='word_1_90' title='bbox 473 2498 565 2562; x_wconf 90' lang='lat' dir='ltr'><strong>ratio.</strong></span> <span class='ocrx_word' id='word_1_91' title='bbox 612 2495 731 2561; x_wconf 83' lang='lat' dir='ltr'><strong>Eadem</strong></span> <span class='ocrx_word' id='word_1_92' title='bbox 755 2502 859 2560; x_wconf 85' lang='lat' dir='ltr'><strong>aetate</strong></span> <span class='ocrx_word' id='word_1_93' title='bbox 883 2495 915 2558; x_wconf 92' lang='lat' dir='ltr'><strong>in</strong></span> <span class='ocrx_word' id='word_1_94' title='bbox 941 2495 1126 2581; x_wconf 81' lang='lat' dir='ltr'><strong>regionibus</strong></span> <span class='ocrx_word' id='word_1_95' title='bbox 1150 2494 1322 2562; x_wconf 88' lang='lat' dir='ltr'><strong>admodum</strong></span> <span class='ocrx_word' id='word_1_96' title='bbox 1346 2493 1464 2561; x_wconf 88' lang='lat' dir='ltr'><strong>lanati-</strong></span> 
     </span>
     <span class='ocr_line' id='line_1_14' title="bbox 324 2648 1464 2736; baseline -0.004 -17"><span class='ocrx_word' id='word_1_97' title='bbox 324 2654 388 2731; x_wconf 86' lang='lat' dir='ltr'><strong>cis,</strong></span> <span class='ocrx_word' id='word_1_98' title='bbox 420 2650 518 2717; x_wconf 91' lang='lat' dir='ltr'><strong>veluti</strong></span> <span class='ocrx_word' id='word_1_99' title='bbox 552 2651 584 2714; x_wconf 95' lang='lat' dir='ltr'><strong>in</strong></span> <span class='ocrx_word' id='word_1_100' title='bbox 617 2648 826 2725; x_wconf 86' lang='lat' dir='ltr'><strong>Mauritania,</strong></span> <span class='ocrx_word' id='word_1_101' title='bbox 859 2668 928 2713; x_wconf 89' lang='lat' dir='ltr'><strong>mos</strong></span> <span class='ocrx_word' id='word_1_102' title='bbox 959 2649 1158 2728; x_wconf 83' lang='lat' dir='ltr'><strong>invaluerat,</strong></span> <span class='ocrx_word' id='word_1_103' title='bbox 1184 2649 1230 2714; x_wconf 91' lang='lat' dir='ltr'><strong>nil</strong></span> <span class='ocrx_word' id='word_1_104' title='bbox 1254 2657 1381 2736; x_wconf 88' lang='lat' dir='ltr'><strong>praeter</strong></span> <span class='ocrx_word' id='word_1_105' title='bbox 1405 2648 1464 2714; x_wconf 81' lang='lat' dir='ltr'><strong>Co·</strong></span> 
     </span>
     <span class='ocr_line' id='line_1_15' title="bbox 324 2801 1463 2890; baseline -0.002 -20"><span class='ocrx_word' id='word_1_106' title='bbox 324 2824 439 2871; x_wconf 84' lang='lat' dir='ltr'><strong>nanum</strong></span> <span class='ocrx_word' id='word_1_107' title='bbox 471 2802 601 2879; x_wconf 87' lang='lat' dir='ltr'><strong>docere,</strong></span> <span class='ocrx_word' id='word_1_108' title='bbox 635 2802 773 2868; x_wconf 83' lang='lat' dir='ltr'><strong>exclusis</strong></span> <span class='ocrx_word' id='word_1_109' title='bbox 805 2801 938 2886; x_wconf 89' lang='lat' dir='ltr'><strong>reliquis</strong></span> <span class='ocrx_word' id='word_1_110' title='bbox 967 2802 1126 2869; x_wconf 88' lang='lat' dir='ltr'><strong>omnihus.</strong></span> <span class='ocrx_word' id='word_1_111' title='bbox 1176 2803 1267 2870; x_wconf 88' lang='lat' dir='ltr'><strong>Tales</strong></span> <span class='ocrx_word' id='word_1_112' title='bbox 1291 2822 1463 2890; x_wconf 83' lang='lat' dir='ltr'><strong>progressu</strong></span> 
     </span>
     <span class='ocr_line' id='line_1_16' title="bbox 323 2953 1464 3045; baseline -0.005 -19"><span class='ocrx_word' id='word_1_113' title='bbox 323 2958 477 3045; x_wconf 88' lang='lat' dir='ltr'><strong>temporis</strong></span> <span class='ocrx_word' id='word_1_114' title='bbox 506 2977 616 3023; x_wconf 90' lang='lat' dir='ltr'><strong>omnes</strong></span> <span class='ocrx_word' id='word_1_115' title='bbox 648 2955 765 3041; x_wconf 88' lang='lat' dir='ltr'><strong>ubique</strong></span> <span class='ocrx_word' id='word_1_116' title='bbox 795 2954 920 3020; x_wconf 89' lang='lat' dir='ltr'><strong>scholae</strong></span> <span class='ocrx_word' id='word_1_117' title='bbox 951 2953 1054 3020; x_wconf 86' lang='lat' dir='ltr'><strong>laetae</strong></span> <span class='ocrx_word' id='word_1_118' title='bbox 1080 2965 1178 3037; x_wconf 91' lang='lat' dir='ltr'><strong>sunt,</strong></span> <span class='ocrx_word' id='word_1_119' title='bbox 1204 2957 1284 3024; x_wconf 88' lang='lat' dir='ltr'><strong>tales</strong></span> <span class='ocrx_word' id='word_1_120' title='bbox 1307 2965 1382 3024; x_wconf 94' lang='lat' dir='ltr'><strong>sunt</strong></span> <span class='ocrx_word' id='word_1_121' title='bbox 1405 2956 1464 3021; x_wconf 88' lang='lat' dir='ltr'><strong>ho·</strong></span> 
     </span>
     <span class='ocr_line' id='line_1_17' title="bbox 323 3108 1464 3198; baseline 0 -22"><span class='ocrx_word' id='word_1_122' title='bbox 323 3110 448 3196; x_wconf 89' lang='lat' dir='ltr'><strong>dieque.</strong></span> <span class='ocrx_word' id='word_1_123' title='bbox 504 3109 612 3196; x_wconf 86' lang='lat' dir='ltr'><strong>Neque</strong></span> <span class='ocrx_word' id='word_1_124' title='bbox 647 3119 755 3175; x_wconf 86' lang='lat' dir='ltr'><strong>tamen</strong></span> <span class='ocrx_word' id='word_1_125' title='bbox 791 3111 878 3173; x_wconf 88' lang='lat' dir='ltr'><strong>omni</strong></span> <span class='ocrx_word' id='word_1_126' title='bbox 911 3108 1004 3174; x_wconf 89' lang='lat' dir='ltr'><strong>laude</strong></span> <span class='ocrx_word' id='word_1_127' title='bbox 1036 3119 1157 3176; x_wconf 87' lang='lat' dir='ltr'><strong>carent.</strong></span> <span class='ocrx_word' id='word_1_128' title='bbox 1214 3110 1352 3198; x_wconf 84' lang='lat' dir='ltr'><strong>Legendi</strong></span> <span class='ocrx_word' id='word_1_129' title='bbox 1386 3131 1464 3176; x_wconf 92' lang='lat' dir='ltr'><strong>usus</strong></span> 
     </span>
     <span class='ocr_line' id='line_1_18' title="bbox 324 3261 1463 3352; baseline -0.001 -21"><span class='ocrx_word' id='word_1_130' title='bbox 324 3264 508 3331; x_wconf 87' lang='lat' dir='ltr'><strong>etiamnunc</strong></span> <span class='ocrx_word' id='word_1_131' title='bbox 528 3262 734 3350; x_wconf 83' lang='lat' dir='ltr'><strong>pervulgatus</strong></span> <span class='ocrx_word' id='word_1_132' title='bbox 754 3273 802 3328; x_wconf 90' lang='lat' dir='ltr'><strong>est</strong></span> <span class='ocrx_word' id='word_1_133' title='bbox 822 3264 856 3327; x_wconf 94' lang='lat' dir='ltr'><strong>in</strong></span> <span class='ocrx_word' id='word_1_134' title='bbox 875 3261 1145 3330; x_wconf 89' lang='lat' dir='ltr'><strong>ldohammedanis</strong></span> <span class='ocrx_word' id='word_1_135' title='bbox 1158 3264 1359 3352; x_wconf 83' lang='lat' dir='ltr'><strong>regionibus:</strong></span> <span class='ocrx_word' id='word_1_136' title='bbox 1384 3286 1412 3332; x_wconf 88' lang='lat' dir='ltr'><strong>e.</strong></span> <span class='ocrx_word' id='word_1_137' title='bbox 1434 3286 1463 3331; x_wconf 88' lang='lat' dir='ltr'><strong>c.</strong></span> 
     </span>
     <span class='ocr_line' id='line_1_19' title="bbox 324 3415 1462 3506; baseline 0.001 -22"><span class='ocrx_word' id='word_1_138' title='bbox 324 3421 355 3484; x_wconf 94' lang='lat' dir='ltr'><strong>in</strong></span> <span class='ocrx_word' id='word_1_139' title='bbox 381 3418 507 3504; x_wconf 81' lang='lat' dir='ltr'><strong>digeria</strong></span> <span class='ocrx_word' id='word_1_140' title='bbox 531 3437 590 3504; x_wconf 85' lang='lat' dir='ltr'><strong>pro</strong></span> <span class='ocrx_word' id='word_1_141' title='bbox 613 3416 792 3482; x_wconf 91' lang='lat' dir='ltr'><strong>incolarum</strong></span> <span class='ocrx_word' id='word_1_142' title='bbox 816 3435 950 3481; x_wconf 84' lang='lat' dir='ltr'><strong>numero</strong></span> <span class='ocrx_word' id='word_1_143' title='bbox 973 3415 1081 3501; x_wconf 90' lang='lat' dir='ltr'><strong>plures</strong></span> <span class='ocrx_word' id='word_1_144' title='bbox 1106 3427 1182 3484; x_wconf 91' lang='lat' dir='ltr'><strong>sunt</strong></span> <span class='ocrx_word' id='word_1_145' title='bbox 1207 3420 1266 3484; x_wconf 88' lang='lat' dir='ltr'><strong>viri</strong></span> <span class='ocrx_word' id='word_1_146' title='bbox 1292 3418 1462 3506; x_wconf 78' lang='lat' dir='ltr'><strong>indigenae</strong></span> 
     </span>
     <span class='ocr_line' id='line_1_20' title="bbox 323 3570 1462 3659; baseline -0.002 -21"><span class='ocrx_word' id='word_1_147' title='bbox 323 3571 448 3659; x_wconf 84' lang='lat' dir='ltr'><strong>legendi</strong></span> <span class='ocrx_word' id='word_1_148' title='bbox 472 3571 567 3657; x_wconf 89' lang='lat' dir='ltr'><strong>periti</strong></span> <span class='ocrx_word' id='word_1_149' title='bbox 592 3589 689 3656; x_wconf 87' lang='lat' dir='ltr'><strong>quarn</strong></span> <span class='ocrx_word' id='word_1_150' title='bbox 715 3571 746 3635; x_wconf 93' lang='lat' dir='ltr'><strong>in</strong></span> <span class='ocrx_word' id='word_1_151' title='bbox 773 3570 883 3637; x_wconf 86' lang='lat' dir='ltr'><strong>Gallia.</strong></span> <span class='ocrx_word' id='word_1_152' title='bbox 932 3571 1057 3637; x_wconf 85' lang='lat' dir='ltr'><strong>Tenues</strong></span> <span class='ocrx_word' id='word_1_153' title='bbox 1078 3581 1188 3638; x_wconf 88' lang='lat' dir='ltr'><strong>tamen</strong></span> <span class='ocrx_word' id='word_1_154' title='bbox 1212 3571 1274 3638; x_wconf 88' lang='lat' dir='ltr'><strong>lert</strong></span> <span class='ocrx_word' id='word_1_155' title='bbox 1299 3573 1462 3640; x_wconf 88' lang='lat' dir='ltr'><strong>institutio</strong></span> 
     </span>
     <span class='ocr_line' id='line_1_21' title="bbox 323 3716 1464 3810; baseline 0 -17"><span class='ocrx_word' id='word_1_156' title='bbox 323 3716 471 3803; x_wconf 67' lang='lat' dir='ltr'><strong>&#39;dructus3</strong></span> <span class='ocrx_word' id='word_1_157' title='bbox 510 3743 583 3789; x_wconf 92' lang='lat' dir='ltr'><strong>nam</strong></span> <span class='ocrx_word' id='word_1_158' title='bbox 620 3725 736 3808; x_wconf 88' lang='lat' dir='ltr'><strong>pueri,</strong></span> <span class='ocrx_word' id='word_1_159' title='bbox 773 3732 941 3810; x_wconf 88' lang='lat' dir='ltr'><strong>postquam</strong></span> <span class='ocrx_word' id='word_1_160' title='bbox 982 3724 1125 3791; x_wconf 89' lang='lat' dir='ltr'><strong>discendi</strong></span> <span class='ocrx_word' id='word_1_161' title='bbox 1161 3725 1256 3793; x_wconf 89' lang='lat' dir='ltr'><strong>finem</strong></span> <span class='ocrx_word' id='word_1_162' title='bbox 1294 3725 1464 3805; x_wconf 84' lang='lat' dir='ltr'><strong>lecerunt,</strong></span> 
     </span>
     <span class='ocr_line' id='line_1_22' title="bbox 324 3875 1467 3969; baseline 0 -23"><span class='ocrx_word' id='word_1_163' title='bbox 324 3887 451 3969; x_wconf 91' lang='lat' dir='ltr'><strong>praeter</strong></span> <span class='ocrx_word' id='word_1_164' title='bbox 473 3876 600 3962; x_wconf 82' lang='lat' dir='ltr'><strong>legendi</strong></span> <span class='ocrx_word' id='word_1_165' title='bbox 618 3875 843 3965; x_wconf 86' lang='lat' dir='ltr'><strong>scribendique</strong></span> <span class='ocrx_word' id='word_1_166' title='bbox 866 3876 1071 3955; x_wconf 86' lang='lat' dir='ltr'><strong>laenitatem,</strong></span> <span class='ocrx_word' id='word_1_167' title='bbox 1097 3879 1179 3944; x_wconf 91' lang='lat' dir='ltr'><strong>nihil</strong></span> <span class='ocrx_word' id='word_1_168' title='bbox 1200 3880 1261 3945; x_wconf 91' lang='lat' dir='ltr'><strong>nisi</strong></span> <span class='ocrx_word' id='word_1_169' title='bbox 1285 3878 1467 3966; x_wconf 87' lang='lat' dir='ltr'><strong>complures</strong></span> 
     </span>
     <span class='ocr_line' id='line_1_23' title="bbox 324 4029 1466 4120; baseline -0.001 -21"><span class='ocrx_word' id='word_1_170' title='bbox 324 4032 439 4100; x_wconf 79' lang='lat' dir='ltr'><strong>Cocani</strong></span> <span class='ocrx_word' id='word_1_171' title='bbox 458 4029 542 4096; x_wconf 88' lang='lat' dir='ltr'><strong>locos</strong></span> <span class='ocrx_word' id='word_1_172' title='bbox 557 4030 739 4095; x_wconf 89' lang='lat' dir='ltr'><strong>didicerunt</strong></span> <span class='ocrx_word' id='word_1_173' title='bbox 753 4032 955 4109; x_wconf 86' lang='lat' dir='ltr'><strong>memoriter,</strong></span> <span class='ocrx_word' id='word_1_174' title='bbox 976 4052 1079 4118; x_wconf 88' lang='lat' dir='ltr'><strong>neque</strong></span> <span class='ocrx_word' id='word_1_175' title='bbox 1092 4054 1145 4100; x_wconf 88' lang='lat' dir='ltr'><strong>eos</strong></span> <span class='ocrx_word' id='word_1_176' title='bbox 1168 4032 1315 4120; x_wconf 90' lang='lat' dir='ltr'><strong>quidem,</strong></span> <span class='ocrx_word' id='word_1_177' title='bbox 1334 4042 1466 4120; x_wconf 87' lang='lat' dir='ltr'><strong>propter</strong></span> 
     </span>
     <span class='ocr_line' id='line_1_24' title="bbox 324 4185 1465 4272; baseline 0.001 -21"><span class='ocrx_word' id='word_1_178' title='bbox 324 4187 468 4271; x_wconf 82' lang='lat' dir='ltr'><strong>linguam</strong></span> <span class='ocrx_word' id='word_1_179' title='bbox 494 4187 711 4272; x_wconf 86' lang='lat' dir='ltr'><strong>antiquatam,</strong></span> <span class='ocrx_word' id='word_1_180' title='bbox 736 4187 814 4250; x_wconf 87' lang='lat' dir='ltr'><strong>satis</strong></span> <span class='ocrx_word' id='word_1_181' title='bbox 840 4185 1034 4272; x_wconf 79' lang='lat' dir='ltr'><strong>intelligunt.</strong></span> <span class='ocrx_word' id='word_1_182' title='bbox 1072 4187 1117 4253; x_wconf 88' lang='lat' dir='ltr'><strong>De</strong></span> <span class='ocrx_word' id='word_1_183' title='bbox 1142 4187 1277 4253; x_wconf 87' lang='lat' dir='ltr'><strong>caeteris</strong></span> <span class='ocrx_word' id='word_1_184' title='bbox 1297 4185 1465 4263; x_wconf 86' lang='lat' dir='ltr'><strong>omnibns,</strong></span> 
     </span>
     <span class='ocr_line' id='line_1_25' title="bbox 326 4337 1465 4429; baseline 0.001 -25"><span class='ocrx_word' id='word_1_185' title='bbox 326 4359 405 4425; x_wconf 89' lang='lat' dir='ltr'><strong>quos</strong></span> <span class='ocrx_word' id='word_1_186' title='bbox 429 4359 485 4403; x_wconf 87' lang='lat' dir='ltr'><strong>nos</strong></span> <span class='ocrx_word' id='word_1_187' title='bbox 519 4338 732 4404; x_wconf 88' lang='lat' dir='ltr'><strong>institutionis</strong></span> <span class='ocrx_word' id='word_1_188' title='bbox 752 4337 878 4405; x_wconf 79' lang='lat' dir='ltr'><strong>fructus</strong></span> <span class='ocrx_word' id='word_1_189' title='bbox 910 4361 978 4407; x_wconf 88' lang='lat' dir='ltr'><strong>esse</strong></span> <span class='ocrx_word' id='word_1_190' title='bbox 1003 4341 1170 4420; x_wconf 89' lang='lat' dir='ltr'><strong>ducimus,</strong></span> <span class='ocrx_word' id='word_1_191' title='bbox 1191 4342 1235 4406; x_wconf 91' lang='lat' dir='ltr'><strong>nil</strong></span> <span class='ocrx_word' id='word_1_192' title='bbox 1256 4360 1387 4429; x_wconf 87' lang='lat' dir='ltr'><strong>prorsus</strong></span> <span class='ocrx_word' id='word_1_193' title='bbox 1407 4359 1465 4405; x_wconf 92' lang='lat' dir='ltr'><strong>no·</strong></span> 
     </span>
    </p>
   </div>
   <div class='ocr_carea' id='block_1_3' title="bbox 327 4492 1465 4582">
    <p class='ocr_par' dir='ltr' id='par_1_3' title="bbox 327 4492 1465 4582">
     <span class='ocr_line' id='line_1_26' title="bbox 327 4492 1465 4582; baseline 0.002 -25"><span class='ocrx_word' id='word_1_194' title='bbox 327 4501 455 4560; x_wconf 87' lang='lat' dir='ltr'><strong>verunt.</strong></span> <span class='ocrx_word' id='word_1_195' title='bbox 512 4492 565 4558; x_wconf 87' lang='lat' dir='ltr'><strong>Sic</strong></span> <span class='ocrx_word' id='word_1_196' title='bbox 597 4494 696 4559; x_wconf 88' lang='lat' dir='ltr'><strong>evasit</strong></span> <span class='ocrx_word' id='word_1_197' title='bbox 728 4493 1011 4562; x_wconf 78' lang='lat' dir='ltr'><strong>llohamniedanus</strong></span> <span class='ocrx_word' id='word_1_198' title='bbox 1049 4497 1142 4562; x_wconf 89' lang='lat' dir='ltr'><strong>homo</strong></span> <span class='ocrx_word' id='word_1_199' title='bbox 1177 4498 1307 4582; x_wconf 81' lang='lat' dir='ltr'><strong>angusti</strong></span> <span class='ocrx_word' id='word_1_200' title='bbox 1342 4495 1465 4572; x_wconf 87' lang='lat' dir='ltr'><strong>animi,</strong></span> 
     </span>
    </p>
   </div>
   <div class='ocr_carea' id='block_1_4' title="bbox 0 0 1680 5528">
    <p class='ocr_par' dir='ltr' id='par_1_4' title="bbox 0 0 1680 5528">
     <span class='ocr_line' id='line_1_27' title="bbox 0 0 1680 5528; baseline 0 0"><span class='ocrx_word' id='word_1_201' title='bbox 0 0 1680 5528; x_wconf 95' lang='lat' dir='ltr'><strong> </strong></span> 
     </span>
    </p>
   </div>
  </div>
 </body>
</html>
