3352 5528
778 564 842 630 ‚4

275 797 405 880 repente
436 807 512 854 voce
542 786 712 874 prophetae
744 787 846 852 excita
877 806 915 851 ex
948 787 1015 850 suis
1051 783 1188 851 desertis
1219 796 1408 875 proruperat

275 952 307 1011 et
329 943 482 1010 torrentis
503 942 606 1008 instar
627 938 806 1006 incredibili
826 938 938 1004 robore
957 946 990 1005 et
1009 937 1185 1019 celeritate,
1207 960 1409 1027 quocumque

274 1096 434 1185 rapacitas
459 1093 622 1172 trahebat,
647 1092 815 1159 invadebat
839 1094 955 1157 omnia.

318 1248 518 1316 Calliduntur
551 1266 637 1312 nunc
669 1248 754 1314 inter
784 1265 853 1312 sese
882 1245 945 1311 tluo
975 1245 1101 1332 popuii,
1134 1246 1259 1313 infestis
1291 1248 1408 1313 animis

272 1401 382 1480 ambo,
413 1410 529 1469 cuncta
561 1399 601 1466 ad
625 1420 658 1467 se
682 1401 863 1487 rapientes,
888 1399 1040 1466 Germani
1064 1407 1096 1466 et
1121 1401 1254 1467 Arabes.
1301 1401 1408 1466 Certa·

273 1557 359 1623 mina
383 1557 468 1623 inter
491 1574 566 1634 eos,
592 1553 709 1641 quibus
732 1562 763 1620 ct
787 1554 886 1639 stirps
916 1553 1099 1619 diversant
1122 1552 1268 1620 diversae
1290 1553 1408 1620 emolu·

272 1716 454 1776 mentorum
486 1708 626 1774 rationes
664 1715 696 1774 et
732 1707 893 1793 imprimis
923 1705 1049 1772 diversa
1082 1706 1195 1793 religio
1230 1716 1263 1773 et
1294 1726 1406 1786 sacra,

269 1869 370 1930 totam
409 1859 507 1927 medii
545 1860 614 1926 aevi
650 1859 816 1926 historiam
849 1867 1035 1926 contexunt.
1091 1860 1138 1926 Ex
1170 1859 1222 1926 illa
1254 1860 1408 1926 diuturna

269 2014 472 2084 contentione
494 2013 563 2080 sine
586 2013 803 2080 controversia
829 2013 950 2100 unqu
970 2012 1224 2082 blohammedem
1245 2014 1408 2080 sectaban-

269 2177 325 2236 tur
357 2167 532 2234 discessere
564 2169 757 2254 superiores.
812 2167 1005 2234 Christianis
1037 2168 1168 2255 quidem
1202 2171 1338 2256 contigit
1372 2176 1408 2234 nt

266 2321 499 2410 aliquantisper
523 2320 654 2387 Terram
679 2330 823 2388 sanctam
849 2323 950 2386 armis
972 2322 1154 2388 obtinerent
1172 2330 1205 2388 et
1229 2322 1408 2411 Hierosoly·

267 2475 346 2553 mis,
376 2494 459 2562 quae
483 2473 757 2542 blobammedanis
780 2496 907 2563 quoque
931 2496 1023 2542 sacra
1047 2475 1126 2541 urbs
1149 2485 1238 2553 erat,
1267 2497 1404 2561 regnum

269 2629 460 2705 condereut3
486 2628 540 2697 sed
569 2627 666 2695 breve
688 2627 767 2694 iilud
791 2629 965 2716 imperinm
994 2629 1055 2694 tuit
1082 2649 1185 2714 neque
1211 2631 1252 2694 iis
1273 2651 1312 2696 ex
1335 2651 1409 2696 cru·

270 2783 364 2850 oiatis
385 2780 642 2869 expeditionibus
665 2779 768 2848 ulium
793 2782 907 2849 stabile
929 2782 1183 2850 emolumentum
1211 2793 1324 2850 natum
1348 2796 1408 2851 est.

270 2936 388 3003 Contra
417 2933 672 3002 blobammcdani
698 2956 757 3022 per
778 2935 905 3002 saecula
928 2938 1076 3022 regiones
1101 2937 1294 3003 Christianis
1317 2958 1407 3026 ercp

275 3098 325 3156 tas
358 3089 392 3154 in
427 3097 583 3175 potestate
616 3089 833 3156 retinuerunt.
889 3089 1021 3156 Praeter
1050 3109 1106 3155 eas
1136 3110 1218 3176 quas
1249 3091 1409 3169 diximus,

272 3242 444 3330 Hispanias
473 3261 600 3329 quoquc
630 3241 769 3309 dominis
795 3242 1003 3310 Germanicae
1025 3245 1161 3330 originis
1184 3266 1240 3331 per
1263 3248 1329 3312 sim
1352 3267 1409 3313 ea-

272 3404 457 3473 torserant,
499 3404 532 3462 et
572 3395 704 3462 tandem
741 3395 846 3462 deleto
884 3398 1022 3481 irnperio
1060 3398 1260 3486 Byzantium
1300 3400 1408 3467 sedem

272 3550 402 3637 inperii
432 3550 465 3615 iu
494 3547 594 3625 urbe,
625 3550 679 3615 eui
701 3551 931 3616 tiamstantiuus
951 3550 1088 3636 Hagnas
1117 3573 1233 3619 nomen
1257 3552 1408 3632 dederat,

272 3703 524 3769 constituerunt.

316 3854 381 3923 sea
409 3873 605 3942 quamquam
636 3856 671 3921 in
702 3854 755 3922 bis
783 3875 911 3942 quoque
947 3857 1050 3924 muita
1079 3869 1173 3925 eraut
1203 3862 1407 3946 superiores,

271 4008 437 4097 aliquanto
455 4010 561 4075 maius
577 4018 609 4075 et
628 4009 780 4095 granius,
802 4012 830 4074 si
855 4009 1089 4077 humanitate·
1112 4025 1315 4100 spectemus,
1337 4026 1410 4083 crat

269 4165 304 4230 ia
327 4162 392 4229 illis
413 4172 614 4230 mmrentnnr
631 4172 666 4230 rt
682 4160 819 4251 ptum
853 4162 944 4244 Qua
966 4164 1007 4231 ati
1026 4176 1114 4232 artes
1132 4171 1269 4245 attinet,
1285 4170 1408 4247 tatur,

268 4315 391 4385 ursas
411 4328 446 4385 at
474 4316 626 4384 armai
656 4326 701 4404 (rt
721 4315 957 4386 Gumanonrm
989 4324 1118 4387 mimine
1140 4322 1214 4388 dior·
1234 4334 1269 4390 et
1290 4328 1350 4409 qni
1372 4328 1407 4390 ia

269 4470 441 4539 Gunuia
462 4482 685 4539 masenot
707 4482 739 4537 et
763 4474 819 4558 qui
838 4476 1006 4560 <cruperis
1026 4476 1158 4565 Imperii
1179 4476 1315 4542 bruni
1333 4500 1405 4567 pro

1238 4700 1575 5194 A
