3352 5528
877 581 921 647 lt

320 804 495 892 putabant,
520 806 602 870 meri
626 803 757 868 fanatici
780 801 917 878 luerint,
942 810 977 867 ut
1001 802 1107 886 potins
1131 802 1317 888 religionem
1341 825 1456 891 parum

321 967 473 1025 curarent
499 966 531 1024 et
553 956 788 1043 quadamtenus
811 956 851 1022 ab
874 975 911 1020 ea
933 964 1041 1022 essent
1064 954 1171 1022 alieni.
1218 955 1324 1037 Quum
1348 971 1455 1030 esseut

319 1120 432 1198 suapte
466 1119 582 1177 natura
616 1129 731 1197 perum
766 1108 931 1194 religiosi,
973 1108 1173 1175 desertorum
1215 1111 1337 1178 incolae
1373 1133 1453 1180 nova

318 1285 409 1332 sacra
433 1271 521 1330 metu
545 1265 647 1350 magis
671 1260 846 1349 Prophetae
870 1281 966 1348 qnam
991 1281 1029 1328 ex
1053 1263 1153 1328 animi
1181 1266 1340 1332 sententia
1361 1286 1453 1334 acce·

316 1426 440 1505 perant.
493 1417 612 1485 Deinde
641 1418 695 1483 illo
731 1426 857 1484 mortno
887 1419 1091 1502 arripuerant
1122 1417 1321 1485 occasionem
1353 1440 1451 1488 exen-

316 1571 417 1639 tieudi
439 1573 508 1658 iugi
532 1581 564 1638 et
587 1574 619 1637 in
644 1571 782 1659 politicis
802 1570 899 1636 rebus
919 1577 950 1636 et
970 1572 1003 1636 in
1024 1569 1195 1655 religiosis.
1232 1571 1269 1636 Vi
1287 1591 1452 1640 armorum

316 1728 435 1793 iterum
462 1725 586 1791 subacti
611 1735 700 1801 snut;
723 1723 778 1791 sed
806 1723 927 1790 larebat
949 1725 996 1791 rei
1020 1732 1137 1791 natura
1161 1734 1197 1791 ut
1221 1727 1326 1812 specie
1350 1730 1455 1814 magis

315 1900 412 1966 qnam
429 1899 465 1945 re
484 1878 699 1945 lslamismnm
712 1877 868 1956 colerent,
887 1887 919 1944 et
938 1898 996 1965 pro
1015 1887 1104 1945 certa
1124 1886 1156 1944 et
1172 1881 1362 1948 inconeussa
1375 1880 1451 1958 fide,

315 2054 397 2122 qnae
412 2041 577 2120 speciatur
596 2033 710 2119 primis
730 2031 867 2098 saeculis
880 2033 912 2097 in
925 2031 1136 2109 ChristianiS,
1156 2034 1262 2118 prima
1275 2034 1448 2102 lslamismi

316 2187 442 2256 saecula
474 2186 716 2274 scepticismnm
748 2186 881 2252 minime
911 2185 1073 2252 occultum
1097 2186 1290 2267 ostendunt,
1315 2196 1348 2253 et
1368 2187 1453 2255 deri·
1548 2206 1551 2214 ·

316 2345 458 2421 sionem,
494 2360 575 2427 qnae
609 2359 702 2427 saepe
736 2339 870 2405 Voltarii
905 2341 992 2406 risus
1025 2340 1059 2404 in
1091 2342 1281 2407 memoriam
1312 2351 1452 2409 revocat.

316 2497 388 2564 Nou
419 2494 540 2562 Arabes
570 2534 615 2544 —
642 2495 842 2580 excipimus,
875 2503 912 2559 nt
939 2513 998 2581 par
1021 2460 1089 2573 esd,
1114 2495 1199 2580 ipsos
1221 2495 1453 2564 llohammedis

314 2651 434 2717 amicos
457 2647 692 2735 discipulosque
715 2686 760 2698 -
781 2646 837 2713 sed
860 2647 968 2734 populi
994 2648 1071 2713 victi
1100 2647 1194 2714 etad
1217 2669 1331 2716 novam
1355 2648 1451 2716 fidem

315 2807 474 2881 conversi,
495 2805 625 2885 Persae,
647 2800 789 2878 Borberi,
810 2801 959 2888 Hispani,
979 2801 1195 2868 lslamismum
1217 2804 1299 2870 serio
1316 2804 1452 2871 admise-

315 2971 410 3036 runt,
444 2967 476 3025 et
499 2976 557 3044 per
580 2955 649 3021 illos
674 2954 794 3020 lactum
818 2965 867 3022 est
893 2963 928 3020 ut
951 2956 1016 3019 vim
1040 2973 1131 3022 suam
1154 2963 1257 3023 totam
1280 2968 1451 3026 exsereret.

315 3112 486 3180 lslamismi
517 3110 652 3175 historia
683 3110 783 3195 igitur
813 3117 861 3174 est
892 3108 1026 3174 historia
1058 3107 1131 3174 lidei
1163 3130 1290 3197 semper
1317 3121 1450 3192 auctae,

315 3287 396 3352 qnae
419 3265 514 3333 fiebat
538 3264 693 3330 intensior
716 3264 885 3350 acriorque
915 3282 978 3347 quo
1003 3263 1105 3348 magis
1129 3261 1201 3328 illae
1225 3273 1336 3348 gentes
1359 3285 1452 3353 prae-

314 3419 473 3507 pollebant
495 3427 528 3486 et
550 3417 692 3485 Arabum
717 3419 857 3504 potentia
882 3414 1102 3493 minuebatur;
1134 3426 1165 3482 et
1189 3415 1325 3506 denique
1349 3440 1450 3505 quum

314 3573 478 3662 peregrini
501 3572 693 3638 mercenarii
715 3591 825 3638 rernm
850 3570 943 3658 potiti
962 3580 1084 3648 esseut,
1107 3571 1244 3658 pristina
1265 3572 1450 3650 tolerantia,

315 3747 354 3794 ex
383 3725 548 3811 religionis
575 3725 770 3812 negligentia
793 3723 868 3790 olim
893 3733 988 3802 nata,
1022 3724 1128 3791 locum
1160 3723 1236 3791 lecit
1258 3724 1449 3804 fanatismo,

315 3879 442 3948 diversa
465 3881 639 3946 sentientes
662 3878 780 3946 luriose
803 3879 987 3945 insectanti.

360 4035 445 4101 llieri
467 4054 529 4101 non
549 4042 675 4121 poterat
698 4036 776 4121 quin
797 4033 959 4098 institutio
982 4051 1107 4118 qnoque
1131 4034 1277 4119 superior
1301 4032 1449 4100 inferior·

315 4207 377 4274 qne
410 4188 525 4255 harum
554 4209 663 4255 rernm
689 4186 838 4255 effectum
857 4187 1071 4274 experiretur.
1123 4186 1294 4273 Utriusque
1315 4187 1450 4254 historia

316 4345 348 4408 in
383 4341 512 4411 Oriente
543 4345 660 4409 iterum
694 4344 814 4410 mirum
838 4344 870 4408 in
896 4340 1026 4409 modum
1055 4340 1162 4410 dillcrt
1186 4341 1225 4409 ab
1249 4343 1288 4409 iis
1311 4361 1393 4429 quae
1416 4344 1450 4407 in

316 4494 488 4564 Occidente
510 4499 709 4566 acciderunt.
