3352 5528
808 538 828 606 8

314 768 388 844 Est,
420 765 546 851 opinor,
579 781 692 848 operae
722 763 863 848 pretium
896 761 991 826 huius
1020 763 1067 828 rei
1098 783 1211 829 causas
1236 762 1399 848 indagare.

268 922 379 1006 Itaque
411 917 471 984 hoc
500 915 633 982 solemni
664 915 715 982 die
747 917 779 980 in
804 915 911 979 animo
936 915 1014 980 mitti
1038 924 1087 981 cst
1111 915 1217 982 dicere
1240 917 1278 982 de
1301 917 1402 982 causis

269 1096 325 1141 cur
354 1070 683 1138 Modummedooorum
715 1069 837 1134 coitura
868 1079 897 1134 et
928 1069 1106 1135 lrrrmouitos
1132 1092 1210 1158 prae
1242 1091 1294 1149 eo,
1326 1091 1404 1157 quoe

271 1227 518 1292 Christianorum
543 1232 601 1299 eat,
627 1221 793 1287 imminuto
816 1231 845 1286 et
868 1234 1011 1308 corrupto
1035 1223 1084 1288 sit.
1133 1225 1190 1289 Est
1211 1223 1291 1288 mihi
1311 1225 1344 1288 in
1366 1242 1403 1289 ea

269 1402 305 1447 re
329 1396 521 1466 magnopere
545 1394 623 1461 opus
644 1382 680 1438 ut
697 1394 750 1440 me
768 1394 828 1440 non
851 1376 958 1440 minus
980 1375 1137 1441 benevolis
1158 1397 1254 1463 quarn
1272 1377 1404 1442 attentis

269 1533 386 1599 animis
421 1528 579 1606 audiatis,
615 1546 755 1613 namque
783 1547 845 1592 non
877 1537 952 1593 sunt
983 1549 1093 1595 omnes
1126 1550 1241 1597 causae
1273 1529 1404 1618 perinde

268 1686 378 1752 faciles
400 1683 440 1749 ad
465 1681 683 1766 indagandum
708 1689 739 1747 et
763 1701 930 1747 occurram
951 1684 1092 1749 satietati
1112 1705 1174 1774 non
1195 1705 1305 1751 onmes
1323 1703 1404 1770 quas

269 1839 412 1906 noverim
437 1834 672 1911 enumerando;
696 1836 865 1902 continebo
889 1855 939 1901 me
963 1838 1049 1902 inter
1072 1840 1290 1921 gravissimas.

313 1993 421 2058 Primo
443 1989 512 2055 ioco
536 1990 665 2054 nomino
689 1989 1024 2056 Mohammedanorum
1044 1989 1241 2075 religionem.
1284 1988 1404 2072 Quodsi

267 2145 321 2212 itta
345 2144 459 2230 religio
481 2143 525 2208 nit
549 2144 612 2208 nisi
635 2164 746 2209 norma
770 2149 852 2207 esset
877 2143 927 2227 pie
947 2151 1120 2229 sancteque
1143 2143 1287 2222 vivendi,
1313 2164 1403 2210 cave·

267 2319 335 2365 rem
372 2297 481 2364 sedulo
516 2317 556 2362 ne
592 2296 678 2363 illam
713 2296 850 2383 primam
887 2316 954 2361 esse
990 2317 1120 2362 causam
1157 2316 1307 2383 ponerem
1344 2316 1404 2362 cur

267 2454 393 2520 senium
416 2460 447 2518 et
471 2449 558 2516 labes
581 2449 665 2537 apud
689 2448 758 2514 ilios
782 2458 857 2514 nata
882 2452 940 2524 sit,
971 2470 1108 2537 namque
1133 2451 1172 2516 ab
1197 2449 1249 2515 ilia
1274 2450 1404 2537 quidem

266 2614 356 2693 parte
381 2613 460 2671 natu
483 2605 589 2670 minor
612 2603 766 2670 Iudaismi
792 2603 854 2668 filia
879 2623 983 2689 neque
1006 2624 1023 2668 a
1049 2614 1150 2670 matre
1176 2603 1315 2670 multum
1340 2603 1403 2669 dis

267 2760 370 2837 cedit,
405 2778 508 2845 neque
537 2778 555 2823 a
586 2758 706 2823 maiore
738 2777 846 2824 sorore
880 2756 1136 2824 christianismo.
1190 2758 1275 2838 Quin
1306 2758 1402 2824 etiam

267 2912 404 2980 ulterius
426 2910 624 2998 progredior.
660 2909 857 2976 Contendcre
878 2912 982 2976 ausim
1007 2912 1164 2976 Coranum
1190 2911 1304 2978 meiius
1327 2929 1401 2975 curn

265 3067 454 3135 recentioris
485 3065 598 3130 aetatis
629 3065 758 3150 ingenio
781 3066 951 3131 convenire
971 3074 1001 3130 et
1022 3066 1221 3131 commodius
1242 3063 1281 3131 ad
1306 3065 1403 3132 huius

266 3220 387 3288 saeculi
410 3218 574 3305 opiniones
598 3216 684 3283 sseoti
707 3238 816 3305 posse,
842 3239 937 3305 quam
968 3218 1067 3283 Vetus
1090 3229 1122 3284 et
1146 3219 1267 3286 Novum
1294 3222 1405 3288 Testa-

267 3382 422 3441 mentum.
471 3371 532 3438 Sed
563 3371 722 3449 Coranus,
753 3372 928 3459 Prophetae
952 3374 1121 3440 sententiis
1145 3383 1176 3439 et
1204 3375 1405 3441 constitutio-

268 3528 363 3594 nibus
396 3524 576 3612 suppletus‚
601 3524 686 3591 idem
718 3535 767 3592 est
795 3527 898 3591 omnis
930 3529 1010 3592 iuris
1041 3528 1237 3615 principium
1266 3537 1298 3594 et
1322 3526 1402 3593 fons.

267 3682 315 3751 nh
340 3679 451 3756 initio,
475 3678 570 3764 idque
593 3676 647 3742 diu
672 3680 796 3757 tenuit,
822 3680 973 3746 salutaris
996 3679 1166 3746 admodum
1189 3700 1226 3745 ea
1250 3700 1301 3746 res
1321 3679 1403 3759 tuit,

268 3835 420 3923 quoniam
452 3850 533 3917 quae
567 3838 661 3896 antea
696 3840 752 3897 aut
783 3834 912 3898 omnino
945 3854 1024 3913 non,
1054 3840 1109 3899 aut
1133 3841 1309 3920 utcumque
1332 3835 1404 3902 iure

267 3990 381 4074 longae
401 3983 643 4053 consuetudinis
666 3985 746 4050 maie
767 3985 933 4053 observato
954 3988 1128 4054 constituta
1147 3986 1298 4065 fuissent,
1316 4008 1402 4054 nunc

269 4140 309 4208 ad
342 4146 447 4206 certas
481 4138 610 4224 regulas
645 4138 776 4205 definita
814 4150 906 4206 erant
937 4163 955 4207 a
990 4139 1153 4228 praeclaro
1184 4141 1274 4220 viro,
1310 4139 1403 4227 longe

270 4315 367 4383 supra
386 4292 568 4379 aequalium
590 4302 719 4378 captum
742 4304 859 4360 evecto.
893 4294 953 4362 Sed
973 4295 1127 4382 paulatim
1145 4293 1224 4361 haec
1242 4303 1278 4361 ut
1297 4296 1403 4361 omnia

270 4449 408 4516 humana
434 4467 659 4515 consenescere
684 4456 876 4534 coeperunt,
908 4440 940 4515 et
963 4458 1031 4517 erat
1059 4451 1307 4537 inperpetuum
1332 4469 1403 4516 suc·
