3352 5528
758 462 802 533 17

214 687 348 772 ignarus
383 705 493 751 rerum
530 687 695 764 omnium,
733 706 835 771 neque
863 684 1008 752 culturae
1041 706 1143 772 neque
1167 686 1346 753 hnmanita-

212 843 255 906 tis
290 839 476 924 insignioris
514 859 629 926 capax;
669 849 700 906 et
733 859 813 925 quae
843 837 881 904 de
913 837 1009 903 verbo
1038 837 1144 905 divino
1175 859 1276 927 pauca
1313 859 1346 905 se

212 995 405 1062 intellexisse
429 995 596 1080 opinatur,
628 1013 664 1058 ea
695 1013 757 1058 nou
789 991 873 1057 aliud
902 991 1045 1057 efficiunt
1078 994 1141 1057 nisi
1170 1001 1206 1059 ut
1223 979 1347 1058 diversa

212 1152 386 1217 sentientes
421 1144 605 1233 inexpiabili
638 1146 709 1212 odio
740 1154 961 1234 persequatur,

258 1303 446 1390 Superiores
464 1320 590 1388 quoque
614 1300 738 1367 scholae
763 1302 828 1366 sive
852 1300 1083 1365 Universitates
1106 1299 1188 1385 apud
1214 1320 1288 1378 noS,
1313 1309 1349 1366 ut

211 1464 355 1536 constat,
394 1466 430 1522 ut
462 1455 637 1543 plurimum
672 1452 711 1518 ab
745 1453 887 1519 Ecclesia
923 1453 1095 1540 proiectae.
1142 1453 1260 1520 Multae
1293 1463 1348 1520 aut

214 1608 360 1677 conditae
378 1618 434 1674 aut
455 1608 643 1675 stabilitaea
669 1605 897 1686 Pontificibus,
923 1609 978 1694 qui
1002 1607 1174 1695 sperabant
1185 1627 1254 1673 sese
1276 1607 1348 1674 Uni-

212 1763 400 1829 versitatum
425 1761 570 1828 doctores
593 1758 784 1828 orthodoxae
809 1760 882 1827 fidei
906 1771 1160 1847 propugnatores
1184 1759 1350 1828 habituros

210 1925 242 1980 et
265 1935 377 2002 reapse
393 1917 587 1983 hahuerunt.
625 1915 819 1981 Primarium
837 1914 943 1981 locum
965 1913 1142 2001 occupabat
1162 1913 1347 2001 Theologia‚

212 2077 243 2134 et
262 2069 404 2156 reliquas
423 2089 549 2157 quoque
569 2067 754 2155 disciplinas
775 2067 918 2134 Pontifex
938 2069 977 2134 dl.
999 2066 1132 2134 molesto
1149 2065 1239 2135 lreno
1257 2088 1348 2135 coer-

213 2221 316 2289 cebat.
355 2222 605 2288 Protestantium
626 2221 858 2286 Universitates
878 2220 927 2287 his
948 2221 1078 2308 quidem
1099 2221 1237 2288 vinculis
1256 2231 1349 2288 erant

214 2376 352 2452 solutae,
385 2375 439 2442 sed
473 2375 529 2441 diu
560 2375 688 2440 illarum
722 2394 848 2461 quoque
872 2375 1051 2442 cervicibus
1075 2374 1261 2461 impositum
1285 2376 1348 2442 luit

213 2531 325 2615 iugum
357 2529 516 2596 Ecclesiae
537 2529 752 2607 dominantiS,
782 2528 864 2613 quod
896 2529 1008 2613 iugum
1032 2528 1172 2597 nondum
1196 2552 1348 2600 excusse-

213 2693 290 2749 runt
315 2682 543 2749 Universitates
568 2682 756 2749 Oxonicnsis
779 2690 811 2748 et
835 2682 1126 2768 Cantabrigiensis,
1148 2685 1264 2772 quihus
1285 2706 1347 2751 non

215 2844 291 2901 sunt
322 2835 401 2902 aliae
435 2838 468 2900 in
500 2846 565 2902 tota
597 2837 724 2923 Europa
755 2856 858 2922 neque
889 2836 1103 2923 opulentiores
1127 2859 1229 2925 neque
1255 2839 1347 2904 steri·

214 2992 318 3058 liores,
366 2991 433 3057 Nec
456 2992 593 3056 mirum:
619 3010 757 3077 namque
781 2990 852 3057 illae
876 2991 1126 3070 Universitates,
1151 2993 1248 3058 sicuti
1275 3012 1347 3057 nos·

156 3167 158 3175 ’
213 3155 282 3222 tra,
306 3144 453 3210 conditae
472 3153 564 3210 erant
585 3144 786 3230 potissimum
811 3143 850 3207 ad
874 3142 1061 3228 Theologiae
1082 3145 1346 3213 emolumentum.

214 3297 276 3364 Sed
301 3300 334 3362 in
359 3317 395 3362 eo
416 3305 503 3362 statu
524 3316 586 3362 non
612 3304 817 3363 manserunt:
851 3305 994 3364 caeterae
1026 3296 1212 3383 disciplinae
1245 3302 1348 3385 magis

213 3452 379 3538 magisque
409 3470 504 3515 suum
528 3450 579 3516 ius
602 3449 765 3515 vindicare
787 3459 978 3535 coeperunt,
1003 3459 1035 3516 et
1059 3450 1248 3537 Theologia,
1273 3454 1348 3520 olim

214 3605 412 3692 praepollens
440 3611 471 3670 et
499 3605 608 3690 inique
639 3604 820 3677 dominata,
853 3622 938 3668 nunc
970 3622 1057 3669 seras
1083 3606 1239 3691 pristinae
1262 3627 1350 3672 arro—

215 3762 342 3845 gantiae
365 3758 427 3825 luit
456 3777 581 3845 poenas.
624 3757 763 3824 Exclusa
791 3765 840 3823 est
867 3758 952 3823 enim
980 3757 1020 3825 ab
1050 3757 1160 3825 liberis
1188 3759 1350 3826 Universi-

215 3912 337 3979 tatibus
372 3933 454 3999 quae
485 3919 593 3977 nostra
622 3913 776 3978 memoria
806 3909 942 3977 Londini
966 3920 997 3977 et
1020 3911 1179 3979 Bruxellis
1202 3911 1350 3979 conditae

215 4075 301 4134 sunt.
345 4067 382 4132 ln
406 4066 529 4153 patria
549 4073 659 4131 nostra
695 4072 770 4130 sunt
804 4067 899 4131 multi
930 4067 987 4152 qui
1013 4063 1100 4131 illam
1135 4067 1167 4132 in
1200 4067 1347 4134 scientia·

214 4238 287 4286 rurn
323 4239 456 4286 numero
487 4217 666 4285 habendam
698 4239 768 4286 esse
802 4227 938 4306 negant;
967 4226 1000 4285 et
1030 4219 1115 4306 quod
1146 4222 1250 4286 maius
1278 4229 1347 4303 est,

215 4373 436 4440 Ministrorum
472 4373 645 4458 Regiorum
685 4372 876 4460 collegium,
920 4392 957 4440 ac
993 4372 1056 4439 tale
1096 4372 1264 4459 collegium
1302 4374 1348 4465 (id
