<?xml version="1.0" encoding="UTF-8"?>
<!DOCTYPE html PUBLIC "-//W3C//DTD XHTML 1.0 Transitional//EN"
    "http://www.w3.org/TR/xhtml1/DTD/xhtml1-transitional.dtd">
<html xmlns="http://www.w3.org/1999/xhtml" xml:lang="en" lang="en">
 <head>
  <title>
</title>
<meta http-equiv="Content-Type" content="text/html;charset=utf-8" />
  <meta name='ocr-system' content='tesseract 3.04.00' />
  <meta name='ocr-capabilities' content='ocr_page ocr_carea ocr_par ocr_line ocrx_word'/>
</head>
<body>
  <div class='ocr_page' id='page_1' title='image "./oratiodecausisc00dozygoog/oratiodecausisc00dozygoog_0018.png"; bbox 0 0 3352 5528; ppageno 0'>
   <div class='ocr_carea' id='block_1_1' title="bbox 827 590 869 660">
    <p class='ocr_par' dir='ltr' id='par_1_1' title="bbox 827 590 869 660">
     <span class='ocr_line' id='line_1_1' title="bbox 827 590 869 660; baseline 0.048 -2"><span class='ocrx_word' id='word_1_1' title='bbox 827 590 869 660; x_wconf 83' lang='lat'><strong>15</strong></span> 
     </span>
    </p>
   </div>
   <div class='ocr_carea' id='block_1_2' title="bbox 264 811 1415 4129">
    <p class='ocr_par' dir='ltr' id='par_1_2' title="bbox 264 811 1415 4129">
     <span class='ocr_line' id='line_1_2' title="bbox 324 811 1414 901; baseline 0.008 -21"><span class='ocrx_word' id='word_1_2' title='bbox 324 816 402 880; x_wconf 86' lang='lat' dir='ltr'><strong>Tam</strong></span> <span class='ocrx_word' id='word_1_3' title='bbox 423 811 508 901; x_wconf 92' lang='lat' dir='ltr'><strong>apud</strong></span> <span class='ocrx_word' id='word_1_4' title='bbox 527 832 585 879; x_wconf 92' lang='lat' dir='ltr'><strong>nos</strong></span> <span class='ocrx_word' id='word_1_5' title='bbox 604 833 699 898; x_wconf 88' lang='lat' dir='ltr'><strong>quam</strong></span> <span class='ocrx_word' id='word_1_6' title='bbox 718 814 802 899; x_wconf 90' lang='lat' dir='ltr'><strong>apud</strong></span> <span class='ocrx_word' id='word_1_7' title='bbox 816 815 1094 882; x_wconf 86' lang='lat' dir='ltr'><strong>bfohammedanos</strong></span> <span class='ocrx_word' id='word_1_8' title='bbox 1107 817 1275 886; x_wconf 88' lang='lat' dir='ltr'><strong>inferiores</strong></span> <span class='ocrx_word' id='word_1_9' title='bbox 1287 819 1414 889; x_wconf 87' lang='lat' dir='ltr'><strong>scholae</strong></span> 
     </span>
     <span class='ocr_line' id='line_1_3' title="bbox 278 967 1415 1059; baseline 0.006 -24"><span class='ocrx_word' id='word_1_10' title='bbox 278 969 317 1035; x_wconf 88' lang='lat' dir='ltr'><strong>ab</strong></span> <span class='ocrx_word' id='word_1_11' title='bbox 336 967 480 1035; x_wconf 80' lang='lat' dir='ltr'><strong>Ecclesia</strong></span> <span class='ocrx_word' id='word_1_12' title='bbox 500 967 657 1052; x_wconf 83' lang='lat' dir='ltr'>originem</span> <span class='ocrx_word' id='word_1_13' title='bbox 678 978 876 1035; x_wconf 78' lang='lat' dir='ltr'><strong>sumserunt.</strong></span> <span class='ocrx_word' id='word_1_14' title='bbox 912 968 1018 1034; x_wconf 89' lang='lat' dir='ltr'><strong>Nostis</strong></span> <span class='ocrx_word' id='word_1_15' title='bbox 1037 971 1070 1035; x_wconf 92' lang='lat' dir='ltr'><strong>iu</strong></span> <span class='ocrx_word' id='word_1_16' title='bbox 1088 971 1216 1059; x_wconf 82' lang='lat' dir='ltr'><strong>Europa</strong></span> <span class='ocrx_word' id='word_1_17' title='bbox 1235 974 1415 1042; x_wconf 76' lang='lat' dir='ltr'><strong>saeculares</strong></span> 
     </span>
     <span class='ocr_line' id='line_1_4' title="bbox 276 1120 1413 1196; baseline 0.006 -7"><span class='ocrx_word' id='word_1_18' title='bbox 276 1121 401 1189; x_wconf 89' lang='lat' dir='ltr'><strong>scholas</strong></span> <span class='ocrx_word' id='word_1_19' title='bbox 421 1120 548 1188; x_wconf 90' lang='lat' dir='ltr'><strong>saeculo</strong></span> <span class='ocrx_word' id='word_1_20' title='bbox 567 1120 623 1186; x_wconf 92' lang='lat' dir='ltr'><strong>Vll</strong></span> <span class='ocrx_word' id='word_1_21' title='bbox 644 1121 795 1187; x_wconf 90' lang='lat' dir='ltr'><strong>miserum</strong></span> <span class='ocrx_word' id='word_1_22' title='bbox 818 1123 849 1186; x_wconf 92' lang='lat' dir='ltr'><strong>in</strong></span> <span class='ocrx_word' id='word_1_23' title='bbox 869 1121 999 1188; x_wconf 93' lang='lat' dir='ltr'><strong>modum</strong></span> <span class='ocrx_word' id='word_1_24' title='bbox 1018 1123 1171 1192; x_wconf 78' lang='lat' dir='ltr'><strong>defecisse</strong></span> <span class='ocrx_word' id='word_1_25' title='bbox 1187 1136 1219 1192; x_wconf 90' lang='lat' dir='ltr'><strong>et</strong></span> <span class='ocrx_word' id='word_1_26' title='bbox 1236 1128 1267 1193; x_wconf 92' lang='lat' dir='ltr'><strong>in</strong></span> <span class='ocrx_word' id='word_1_27' title='bbox 1286 1127 1413 1196; x_wconf 86' lang='lat' dir='ltr'><strong>illarum</strong></span> 
     </span>
     <span class='ocr_line' id='line_1_5' title="bbox 274 1273 1414 1379; baseline 0.008 -38"><span class='ocrx_word' id='word_1_28' title='bbox 274 1275 380 1379; x_wconf 87' lang='lat' dir='ltr'><strong>locum</strong></span> <span class='ocrx_word' id='word_1_29' title='bbox 416 1274 553 1341; x_wconf 83' lang='lat' dir='ltr'><strong>subiisse</strong></span> <span class='ocrx_word' id='word_1_30' title='bbox 594 1273 839 1340; x_wconf 82' lang='lat' dir='ltr'><strong>ecclesiasticas</strong></span> <span class='ocrx_word' id='word_1_31' title='bbox 891 1276 1078 1344; x_wconf 88' lang='lat' dir='ltr'><strong>biutissime</strong></span> <span class='ocrx_word' id='word_1_32' title='bbox 1117 1281 1279 1347; x_wconf 90' lang='lat' dir='ltr'><strong>institutio</strong></span> <span class='ocrx_word' id='word_1_33' title='bbox 1317 1303 1414 1368; x_wconf 90' lang='lat' dir='ltr'><strong>penes</strong></span> 
     </span>
     <span class='ocr_line' id='line_1_6' title="bbox 274 1427 1413 1516; baseline 0.004 -18"><span class='ocrx_word' id='word_1_34' title='bbox 274 1430 408 1498; x_wconf 86' lang='lat' dir='ltr'><strong>clericos</strong></span> <span class='ocrx_word' id='word_1_35' title='bbox 439 1427 501 1495; x_wconf 92' lang='lat' dir='ltr'><strong>fuit</strong></span> <span class='ocrx_word' id='word_1_36' title='bbox 529 1436 561 1495; x_wconf 88' lang='lat' dir='ltr'><strong>et</strong></span> <span class='ocrx_word' id='word_1_37' title='bbox 591 1427 677 1516; x_wconf 92' lang='lat' dir='ltr'><strong>apud</strong></span> <span class='ocrx_word' id='word_1_38' title='bbox 708 1429 826 1496; x_wconf 93' lang='lat' dir='ltr'><strong>multos</strong></span> <span class='ocrx_word' id='word_1_39' title='bbox 850 1429 955 1495; x_wconf 93' lang='lat' dir='ltr'><strong>adhuc</strong></span> <span class='ocrx_word' id='word_1_40' title='bbox 985 1439 1044 1498; x_wconf 88' lang='lat' dir='ltr'><strong>est.</strong></span> <span class='ocrx_word' id='word_1_41' title='bbox 1091 1429 1248 1511; x_wconf 83' lang='lat' dir='ltr'><strong>Quoniam</strong></span> <span class='ocrx_word' id='word_1_42' title='bbox 1287 1435 1413 1503; x_wconf 88' lang='lat' dir='ltr'><strong>scholae</strong></span> 
     </span>
     <span class='ocr_line' id='line_1_7' title="bbox 274 1583 1411 1676; baseline 0.005 -28"><span class='ocrx_word' id='word_1_43' title='bbox 274 1584 442 1651; x_wconf 90' lang='lat' dir='ltr'><strong>inferiores</strong></span> <span class='ocrx_word' id='word_1_44' title='bbox 474 1583 558 1649; x_wconf 90' lang='lat' dir='ltr'><strong>solae</strong></span> <span class='ocrx_word' id='word_1_45' title='bbox 590 1601 609 1648; x_wconf 94' lang='lat' dir='ltr'><strong>a</strong></span> <span class='ocrx_word' id='word_1_46' title='bbox 641 1583 780 1649; x_wconf 84' lang='lat' dir='ltr'><strong>maxima</strong></span> <span class='ocrx_word' id='word_1_47' title='bbox 814 1603 988 1670; x_wconf 88' lang='lat' dir='ltr'><strong>puerorum</strong></span> <span class='ocrx_word' id='word_1_48' title='bbox 1024 1585 1233 1654; x_wconf 89' lang='lat' dir='ltr'><strong>multitudine</strong></span> <span class='ocrx_word' id='word_1_49' title='bbox 1263 1587 1411 1676; x_wconf 90' lang='lat' dir='ltr'><strong>frequen·</strong></span> 
     </span>
     <span class='ocr_line' id='line_1_8' title="bbox 271 1735 1412 1826; baseline 0.004 -22"><span class='ocrx_word' id='word_1_50' title='bbox 271 1746 401 1819; x_wconf 88' lang='lat' dir='ltr'><strong>tantur,</strong></span> <span class='ocrx_word' id='word_1_51' title='bbox 434 1746 530 1824; x_wconf 89' lang='lat' dir='ltr'><strong>atque</strong></span> <span class='ocrx_word' id='word_1_52' title='bbox 563 1735 641 1802; x_wconf 93' lang='lat' dir='ltr'><strong>adeo</strong></span> <span class='ocrx_word' id='word_1_53' title='bbox 672 1736 755 1802; x_wconf 91' lang='lat' dir='ltr'><strong>solae</strong></span> <span class='ocrx_word' id='word_1_54' title='bbox 780 1736 1021 1824; x_wconf 83' lang='lat' dir='ltr'><strong>adaugendam</strong></span> <span class='ocrx_word' id='word_1_55' title='bbox 1047 1740 1146 1805; x_wconf 89' lang='lat' dir='ltr'><strong>totius</strong></span> <span class='ocrx_word' id='word_1_56' title='bbox 1167 1743 1272 1826; x_wconf 79' lang='lat' dir='ltr'><strong>gentis</strong></span> <span class='ocrx_word' id='word_1_57' title='bbox 1296 1742 1412 1810; x_wconf 89' lang='lat' dir='ltr'><strong>intelli·</strong></span> 
     </span>
     <span class='ocr_line' id='line_1_9' title="bbox 272 1891 1411 1979; baseline 0.003 -21"><span class='ocrx_word' id='word_1_58' title='bbox 272 1891 369 1978; x_wconf 79' lang='lat' dir='ltr'><strong>gendi</strong></span> <span class='ocrx_word' id='word_1_59' title='bbox 390 1891 577 1960; x_wconf 78' lang='lat' dir='ltr'><strong>facultatem</strong></span> <span class='ocrx_word' id='word_1_60' title='bbox 601 1892 764 1978; x_wconf 87' lang='lat' dir='ltr'><strong>appositae</strong></span> <span class='ocrx_word' id='word_1_61' title='bbox 787 1901 881 1971; x_wconf 88' lang='lat' dir='ltr'><strong>sunt,</strong></span> <span class='ocrx_word' id='word_1_62' title='bbox 905 1895 1026 1979; x_wconf 88' lang='lat' dir='ltr'><strong>primas</strong></span> <span class='ocrx_word' id='word_1_63' title='bbox 1049 1895 1194 1959; x_wconf 90' lang='lat' dir='ltr'><strong>omnium</strong></span> <span class='ocrx_word' id='word_1_64' title='bbox 1218 1895 1411 1961; x_wconf 85' lang='lat' dir='ltr'><strong>constitutas</strong></span> 
     </span>
     <span class='ocr_line' id='line_1_10' title="bbox 272 2034 1411 2134; baseline 0.001 -21"><span class='ocrx_word' id='word_1_65' title='bbox 272 2067 342 2113; x_wconf 88' lang='lat' dir='ltr'><strong>esse</strong></span> <span class='ocrx_word' id='word_1_66' title='bbox 373 2046 540 2134; x_wconf 90' lang='lat' dir='ltr'><strong>oportebat</strong></span> <span class='ocrx_word' id='word_1_67' title='bbox 570 2045 609 2111; x_wconf 90' lang='lat' dir='ltr'><strong>ad</strong></span> <span class='ocrx_word' id='word_1_68' title='bbox 638 2064 712 2110; x_wconf 91' lang='lat' dir='ltr'><strong>eum</strong></span> <span class='ocrx_word' id='word_1_69' title='bbox 746 2043 894 2126; x_wconf 93' lang='lat' dir='ltr'><strong>modum,</strong></span> <span class='ocrx_word' id='word_1_70' title='bbox 925 2034 1088 2134; x_wconf 85' lang='lat' dir='ltr'><strong>quiesset</strong></span> <span class='ocrx_word' id='word_1_71' title='bbox 1114 2049 1254 2114; x_wconf 79' lang='lat' dir='ltr'><strong>maxime</strong></span> <span class='ocrx_word' id='word_1_72' title='bbox 1277 2047 1411 2116; x_wconf 88' lang='lat' dir='ltr'><strong>idoneus</strong></span> 
     </span>
     <span class='ocr_line' id='line_1_11' title="bbox 272 2198 1411 2288; baseline 0.002 -21"><span class='ocrx_word' id='word_1_73' title='bbox 272 2200 311 2267; x_wconf 89' lang='lat' dir='ltr'><strong>ad</strong></span> <span class='ocrx_word' id='word_1_74' title='bbox 335 2200 573 2288; x_wconf 79' lang='lat' dir='ltr'><strong>propagandam</strong></span> <span class='ocrx_word' id='word_1_75' title='bbox 595 2198 774 2265; x_wconf 81' lang='lat' dir='ltr'><strong>doctrinam</strong></span> <span class='ocrx_word' id='word_1_76' title='bbox 801 2201 832 2265; x_wconf 91' lang='lat' dir='ltr'><strong>in</strong></span> <span class='ocrx_word' id='word_1_77' title='bbox 857 2200 1007 2267; x_wconf 92' lang='lat' dir='ltr'><strong>omnibus</strong></span> <span class='ocrx_word' id='word_1_78' title='bbox 1030 2199 1146 2288; x_wconf 90' lang='lat' dir='ltr'><strong>quibus</strong></span> <span class='ocrx_word' id='word_1_79' title='bbox 1166 2219 1204 2267; x_wconf 86' lang='lat' dir='ltr'><strong>ea</strong></span> <span class='ocrx_word' id='word_1_80' title='bbox 1223 2208 1293 2267; x_wconf 91' lang='lat' dir='ltr'><strong>erat</strong></span> <span class='ocrx_word' id='word_1_81' title='bbox 1313 2221 1411 2288; x_wconf 93' lang='lat' dir='ltr'><strong>opns,</strong></span> 
     </span>
     <span class='ocr_line' id='line_1_12' title="bbox 272 2352 1411 2442; baseline 0 -23"><span class='ocrx_word' id='word_1_82' title='bbox 272 2352 305 2419; x_wconf 94' lang='lat' dir='ltr'><strong>id</strong></span> <span class='ocrx_word' id='word_1_83' title='bbox 327 2362 378 2420; x_wconf 88' lang='lat' dir='ltr'><strong>est</strong></span> <span class='ocrx_word' id='word_1_84' title='bbox 400 2356 434 2420; x_wconf 90' lang='lat' dir='ltr'><strong>in</strong></span> <span class='ocrx_word' id='word_1_85' title='bbox 457 2373 665 2442; x_wconf 86' lang='lat' dir='ltr'><strong>unoquoqne;</strong></span> <span class='ocrx_word' id='word_1_86' title='bbox 689 2354 745 2420; x_wconf 88' lang='lat' dir='ltr'><strong>sed</strong></span> <span class='ocrx_word' id='word_1_87' title='bbox 769 2353 957 2441; x_wconf 91' lang='lat' dir='ltr'><strong>plerumque</strong></span> <span class='ocrx_word' id='word_1_88' title='bbox 982 2356 1069 2442; x_wconf 87' lang='lat' dir='ltr'><strong>ipsae</strong></span> <span class='ocrx_word' id='word_1_89' title='bbox 1091 2356 1293 2441; x_wconf 90' lang='lat' dir='ltr'><strong>potissimum</strong></span> <span class='ocrx_word' id='word_1_90' title='bbox 1312 2353 1411 2440; x_wconf 81' lang='lat' dir='ltr'><strong>negli-</strong></span> 
     </span>
     <span class='ocr_line' id='line_1_13' title="bbox 270 2506 1410 2597; baseline 0.001 -22"><span class='ocrx_word' id='word_1_91' title='bbox 270 2509 439 2594; x_wconf 83' lang='lat' dir='ltr'><strong>gebantur.</strong></span> <span class='ocrx_word' id='word_1_92' title='bbox 486 2507 618 2593; x_wconf 84' lang='lat' dir='ltr'><strong>Vulgari</strong></span> <span class='ocrx_word' id='word_1_93' title='bbox 643 2507 791 2594; x_wconf 87' lang='lat' dir='ltr'><strong>opinione</strong></span> <span class='ocrx_word' id='word_1_94' title='bbox 814 2507 917 2594; x_wconf 78' lang='lat' dir='ltr'><strong>magis</strong></span> <span class='ocrx_word' id='word_1_95' title='bbox 940 2507 973 2573; x_wconf 90' lang='lat' dir='ltr'><strong>id</strong></span> <span class='ocrx_word' id='word_1_96' title='bbox 997 2509 1067 2594; x_wconf 89' lang='lat' dir='ltr'><strong>piae</strong></span> <span class='ocrx_word' id='word_1_97' title='bbox 1085 2506 1310 2576; x_wconf 86' lang='lat' dir='ltr'><strong>beneticentiae</strong></span> <span class='ocrx_word' id='word_1_98' title='bbox 1329 2529 1410 2597; x_wconf 87' lang='lat' dir='ltr'><strong>opus</strong></span> 
     </span>
     <span class='ocr_line' id='line_1_14' title="bbox 270 2659 1408 2747; baseline 0.001 -19"><span class='ocrx_word' id='word_1_99' title='bbox 270 2682 340 2729; x_wconf 86' lang='lat' dir='ltr'><strong>esse</strong></span> <span class='ocrx_word' id='word_1_100' title='bbox 371 2661 618 2729; x_wconf 81' lang='lat' dir='ltr'><strong>existimabatur</strong></span> <span class='ocrx_word' id='word_1_101' title='bbox 645 2682 742 2747; x_wconf 91' lang='lat' dir='ltr'><strong>quam</strong></span> <span class='ocrx_word' id='word_1_102' title='bbox 773 2659 915 2727; x_wconf 88' lang='lat' dir='ltr'><strong>officium</strong></span> <span class='ocrx_word' id='word_1_103' title='bbox 946 2680 1080 2739; x_wconf 90' lang='lat' dir='ltr'><strong>eorum,</strong></span> <span class='ocrx_word' id='word_1_104' title='bbox 1113 2662 1168 2746; x_wconf 93' lang='lat' dir='ltr'><strong>qui</strong></span> <span class='ocrx_word' id='word_1_105' title='bbox 1192 2680 1338 2728; x_wconf 89' lang='lat' dir='ltr'><strong>summae</strong></span> <span class='ocrx_word' id='word_1_106' title='bbox 1362 2665 1408 2729; x_wconf 89' lang='lat' dir='ltr'><strong>rei</strong></span> 
     </span>
     <span class='ocr_line' id='line_1_15' title="bbox 270 2813 1408 2901; baseline 0.003 -21"><span class='ocrx_word' id='word_1_107' title='bbox 270 2826 459 2901; x_wconf 88' lang='lat' dir='ltr'><strong>praeerant;</strong></span> <span class='ocrx_word' id='word_1_108' title='bbox 494 2825 527 2883; x_wconf 89' lang='lat' dir='ltr'><strong>et</strong></span> <span class='ocrx_word' id='word_1_109' title='bbox 558 2815 693 2883; x_wconf 87' lang='lat' dir='ltr'><strong>fortasse</strong></span> <span class='ocrx_word' id='word_1_110' title='bbox 728 2817 760 2880; x_wconf 93' lang='lat' dir='ltr'><strong>in</strong></span> <span class='ocrx_word' id='word_1_111' title='bbox 796 2815 884 2881; x_wconf 92' lang='lat' dir='ltr'><strong>nulla</strong></span> <span class='ocrx_word' id='word_1_112' title='bbox 920 2813 981 2881; x_wconf 89' lang='lat' dir='ltr'><strong>alia</strong></span> <span class='ocrx_word' id='word_1_113' title='bbox 1016 2834 1051 2881; x_wconf 89' lang='lat' dir='ltr'><strong>re</strong></span> <span class='ocrx_word' id='word_1_114' title='bbox 1086 2813 1151 2891; x_wconf 89' lang='lat' dir='ltr'><strong>illi,</strong></span> <span class='ocrx_word' id='word_1_115' title='bbox 1187 2815 1304 2901; x_wconf 90' lang='lat' dir='ltr'><strong>quibus</strong></span> <span class='ocrx_word' id='word_1_116' title='bbox 1338 2825 1408 2883; x_wconf 90' lang='lat' dir='ltr'><strong>erat</strong></span> 
     </span>
     <span class='ocr_line' id='line_1_16' title="bbox 269 2964 1408 3055; baseline 0.001 -20"><span class='ocrx_word' id='word_1_117' title='bbox 269 2973 408 3036; x_wconf 79' lang='lat' dir='ltr'><strong>maxima</strong></span> <span class='ocrx_word' id='word_1_118' title='bbox 432 2989 543 3037; x_wconf 90' lang='lat' dir='ltr'><strong>rerum</strong></span> <span class='ocrx_word' id='word_1_119' title='bbox 565 2971 709 3036; x_wconf 91' lang='lat' dir='ltr'><strong>omnium</strong></span> <span class='ocrx_word' id='word_1_120' title='bbox 728 2976 888 3055; x_wconf 87' lang='lat' dir='ltr'><strong>potestas,</strong></span> <span class='ocrx_word' id='word_1_121' title='bbox 909 2967 1074 3034; x_wconf 89' lang='lat' dir='ltr'><strong>socordius</strong></span> <span class='ocrx_word' id='word_1_122' title='bbox 1097 2964 1200 3033; x_wconf 87' lang='lat' dir='ltr'><strong>officio</strong></span> <span class='ocrx_word' id='word_1_123' title='bbox 1220 2987 1278 3034; x_wconf 92' lang='lat' dir='ltr'><strong>suo</strong></span> <span class='ocrx_word' id='word_1_124' title='bbox 1297 2966 1408 3036; x_wconf 87' lang='lat' dir='ltr'><strong>defue-</strong></span> 
     </span>
     <span class='ocr_line' id='line_1_17' title="bbox 269 3093 1408 3211; baseline 0.004 -25"><span class='ocrx_word' id='word_1_125' title='bbox 269 3133 346 3189; x_wconf 90' lang='lat' dir='ltr'><strong>runt</strong></span> <span class='ocrx_word' id='word_1_126' title='bbox 373 3145 470 3211; x_wconf 89' lang='lat' dir='ltr'><strong>qnam</strong></span> <span class='ocrx_word' id='word_1_127' title='bbox 504 3125 536 3188; x_wconf 91' lang='lat' dir='ltr'><strong>in</strong></span> <span class='ocrx_word' id='word_1_128' title='bbox 566 3122 626 3188; x_wconf 89' lang='lat' dir='ltr'><strong>bac</strong></span> <span class='ocrx_word' id='word_1_129' title='bbox 655 3125 733 3210; x_wconf 89' lang='lat' dir='ltr'><strong>ipsa.</strong></span> <span class='ocrx_word' id='word_1_130' title='bbox 783 3120 924 3188; x_wconf 85' lang='lat' dir='ltr'><strong>Tandem</strong></span> <span class='ocrx_word' id='word_1_131' title='bbox 955 3120 1127 3206; x_wconf 88' lang='lat' dir='ltr'><strong>aliquando</strong></span> <span class='ocrx_word' id='word_1_132' title='bbox 1159 3140 1210 3186; x_wconf 91' lang='lat' dir='ltr'><strong>res</strong></span> <span class='ocrx_word' id='word_1_133' title='bbox 1234 3093 1266 3186; x_wconf 84' lang='lat' dir='ltr'><strong>in</strong></span> <span class='ocrx_word' id='word_1_134' title='bbox 1292 3122 1408 3190; x_wconf 91' lang='lat' dir='ltr'><strong>melius</strong></span> 
     </span>
     <span class='ocr_line' id='line_1_18' title="bbox 267 3271 1406 3363; baseline 0 -21"><span class='ocrx_word' id='word_1_135' title='bbox 267 3296 430 3343; x_wconf 85' lang='lat' dir='ltr'><strong>conversa.</strong></span> <span class='ocrx_word' id='word_1_136' title='bbox 479 3279 672 3345; x_wconf 86' lang='lat' dir='ltr'><strong>Praesertim</strong></span> <span class='ocrx_word' id='word_1_137' title='bbox 703 3286 775 3363; x_wconf 90' lang='lat' dir='ltr'><strong>post</strong></span> <span class='ocrx_word' id='word_1_138' title='bbox 807 3294 859 3340; x_wconf 87' lang='lat' dir='ltr'><strong>res</strong></span> <span class='ocrx_word' id='word_1_139' title='bbox 890 3293 988 3339; x_wconf 87' lang='lat' dir='ltr'><strong>novas</strong></span> <span class='ocrx_word' id='word_1_140' title='bbox 1022 3275 1053 3337; x_wconf 93' lang='lat' dir='ltr'><strong>in</strong></span> <span class='ocrx_word' id='word_1_141' title='bbox 1088 3271 1188 3338; x_wconf 84' lang='lat' dir='ltr'><strong>Gallia</strong></span> <span class='ocrx_word' id='word_1_142' title='bbox 1212 3273 1286 3341; x_wconf 88' lang='lat' dir='ltr'><strong>data</strong></span> <span class='ocrx_word' id='word_1_143' title='bbox 1311 3295 1406 3362; x_wconf 88' lang='lat' dir='ltr'><strong>opera</strong></span> 
     </span>
     <span class='ocr_line' id='line_1_19' title="bbox 267 3426 1406 3513; baseline 0.002 -19"><span class='ocrx_word' id='word_1_144' title='bbox 267 3440 315 3495; x_wconf 90' lang='lat' dir='ltr'><strong>est</strong></span> <span class='ocrx_word' id='word_1_145' title='bbox 348 3439 383 3496; x_wconf 93' lang='lat' dir='ltr'><strong>ut</strong></span> <span class='ocrx_word' id='word_1_146' title='bbox 413 3432 591 3504; x_wconf 91' lang='lat' dir='ltr'><strong>institutio,</strong></span> <span class='ocrx_word' id='word_1_147' title='bbox 630 3451 668 3496; x_wconf 88' lang='lat' dir='ltr'><strong>ex</strong></span> <span class='ocrx_word' id='word_1_148' title='bbox 691 3431 882 3497; x_wconf 87' lang='lat' dir='ltr'><strong>clericorum</strong></span> <span class='ocrx_word' id='word_1_149' title='bbox 908 3427 1056 3494; x_wconf 90' lang='lat' dir='ltr'><strong>manibus</strong></span> <span class='ocrx_word' id='word_1_150' title='bbox 1079 3434 1206 3513; x_wconf 90' lang='lat' dir='ltr'><strong>erepta,</strong></span> <span class='ocrx_word' id='word_1_151' title='bbox 1231 3426 1271 3493; x_wconf 91' lang='lat' dir='ltr'><strong>ad</strong></span> <span class='ocrx_word' id='word_1_152' title='bbox 1300 3428 1406 3496; x_wconf 88' lang='lat' dir='ltr'><strong>civilis</strong></span> 
     </span>
     <span class='ocr_line' id='line_1_20' title="bbox 265 3580 1405 3670; baseline 0.001 -21"><span class='ocrx_word' id='word_1_153' title='bbox 265 3584 432 3670; x_wconf 89' lang='lat' dir='ltr'><strong>potestatis</strong></span> <span class='ocrx_word' id='word_1_154' title='bbox 453 3582 625 3649; x_wconf 84' lang='lat' dir='ltr'><strong>arbitrium</strong></span> <span class='ocrx_word' id='word_1_155' title='bbox 651 3582 890 3650; x_wconf 78' lang='lat' dir='ltr'><strong>transferretur.</strong></span> <span class='ocrx_word' id='word_1_156' title='bbox 922 3580 1074 3664; x_wconf 10' lang='lat' dir='ltr'><strong>*Multum</strong></span> <span class='ocrx_word' id='word_1_157' title='bbox 1098 3580 1188 3647; x_wconf 86' lang='lat' dir='ltr'><strong>abest</strong></span> <span class='ocrx_word' id='word_1_158' title='bbox 1214 3589 1249 3647; x_wconf 91' lang='lat' dir='ltr'><strong>ut</strong></span> <span class='ocrx_word' id='word_1_159' title='bbox 1278 3581 1311 3646; x_wconf 93' lang='lat' dir='ltr'><strong>id</strong></span> <span class='ocrx_word' id='word_1_160' title='bbox 1336 3603 1405 3670; x_wconf 87' lang='lat' dir='ltr'><strong>per·</strong></span> 
     </span>
     <span class='ocr_line' id='line_1_21' title="bbox 264 3734 1404 3824; baseline 0 -21"><span class='ocrx_word' id='word_1_161' title='bbox 264 3738 382 3805; x_wconf 88' lang='lat' dir='ltr'><strong>fectum</strong></span> <span class='ocrx_word' id='word_1_162' title='bbox 413 3738 468 3804; x_wconf 88' lang='lat' dir='ltr'><strong>sit.</strong></span> <span class='ocrx_word' id='word_1_163' title='bbox 516 3735 648 3815; x_wconf 81' lang='lat' dir='ltr'><strong>Clerici,</strong></span> <span class='ocrx_word' id='word_1_164' title='bbox 672 3736 727 3803; x_wconf 94' lang='lat' dir='ltr'><strong>ubi</strong></span> <span class='ocrx_word' id='word_1_165' title='bbox 753 3737 921 3824; x_wconf 89' lang='lat' dir='ltr'><strong>pristinam</strong></span> <span class='ocrx_word' id='word_1_166' title='bbox 946 3736 1122 3821; x_wconf 92' lang='lat' dir='ltr'><strong>potentiam</strong></span> <span class='ocrx_word' id='word_1_167' title='bbox 1147 3734 1307 3816; x_wconf 88' lang='lat' dir='ltr'><strong>retinent,</strong></span> <span class='ocrx_word' id='word_1_168' title='bbox 1332 3757 1404 3824; x_wconf 87' lang='lat' dir='ltr'><strong>per-</strong></span> 
     </span>
     <span class='ocr_line' id='line_1_22' title="bbox 265 3885 1404 3978; baseline -0.001 -20"><span class='ocrx_word' id='word_1_169' title='bbox 265 3893 417 3958; x_wconf 88' lang='lat' dir='ltr'><strong>tinaciter</strong></span> <span class='ocrx_word' id='word_1_170' title='bbox 445 3891 647 3978; x_wconf 81' lang='lat' dir='ltr'><strong>repugnant,</strong></span> <span class='ocrx_word' id='word_1_171' title='bbox 681 3900 713 3957; x_wconf 87' lang='lat' dir='ltr'><strong>et</strong></span> <span class='ocrx_word' id='word_1_172' title='bbox 745 3891 843 3958; x_wconf 89' lang='lat' dir='ltr'><strong>etiam</strong></span> <span class='ocrx_word' id='word_1_173' title='bbox 878 3889 933 3954; x_wconf 91' lang='lat' dir='ltr'><strong>ubi</strong></span> <span class='ocrx_word' id='word_1_174' title='bbox 964 3888 1028 3953; x_wconf 87' lang='lat' dir='ltr'><strong>iam</strong></span> <span class='ocrx_word' id='word_1_175' title='bbox 1062 3885 1254 3954; x_wconf 87' lang='lat' dir='ltr'><strong>videbantur</strong></span> <span class='ocrx_word' id='word_1_176' title='bbox 1286 3908 1404 3957; x_wconf 92' lang='lat' dir='ltr'><strong>manus</strong></span> 
     </span>
     <span class='ocr_line' id='line_1_23' title="bbox 265 4041 1404 4129; baseline -0.002 -17"><span class='ocrx_word' id='word_1_177' title='bbox 265 4044 405 4123; x_wconf 89' lang='lat' dir='ltr'><strong>dedisse,</strong></span> <span class='ocrx_word' id='word_1_178' title='bbox 436 4054 595 4112; x_wconf 91' lang='lat' dir='ltr'><strong>conantur</strong></span> <span class='ocrx_word' id='word_1_179' title='bbox 625 4065 711 4112; x_wconf 89' lang='lat' dir='ltr'><strong>nunc</strong></span> <span class='ocrx_word' id='word_1_180' title='bbox 742 4046 861 4110; x_wconf 90' lang='lat' dir='ltr'><strong>amissa</strong></span> <span class='ocrx_word' id='word_1_181' title='bbox 893 4062 1095 4129; x_wconf 87' lang='lat' dir='ltr'><strong>recuperare.</strong></span> <span class='ocrx_word' id='word_1_182' title='bbox 1144 4042 1292 4108; x_wconf 91' lang='lat' dir='ltr'><strong>Nondum</strong></span> <span class='ocrx_word' id='word_1_183' title='bbox 1329 4041 1404 4110; x_wconf 90' lang='lat' dir='ltr'><strong>licet</strong></span> 
     </span>
    </p>
   </div>
   <div class='ocr_carea' id='block_1_3' title="bbox 171 4189 1402 4286">
    <p class='ocr_par' dir='ltr' id='par_1_3' title="bbox 171 4189 1402 4286">
     <span class='ocr_line' id='line_1_24' title="bbox 171 4189 1402 4286; baseline -0.001 -22"><span class='ocrx_word' id='word_1_184' title='bbox 171 4189 177 4203; x_wconf 86' lang='lat'><em>&#39;</em></span> <span class='ocrx_word' id='word_1_185' title='bbox 265 4199 356 4266; x_wconf 93' lang='lat' dir='ltr'><strong>nobis</strong></span> <span class='ocrx_word' id='word_1_186' title='bbox 384 4200 518 4266; x_wconf 89' lang='lat' dir='ltr'><strong>victoria</strong></span> <span class='ocrx_word' id='word_1_187' title='bbox 549 4199 702 4286; x_wconf 80' lang='lat' dir='ltr'><strong>gloriari3</strong></span> <span class='ocrx_word' id='word_1_188' title='bbox 736 4198 792 4265; x_wconf 92' lang='lat' dir='ltr'><strong>sed</strong></span> <span class='ocrx_word' id='word_1_189' title='bbox 823 4207 954 4265; x_wconf 88' lang='lat' dir='ltr'><strong>strenue</strong></span> <span class='ocrx_word' id='word_1_190' title='bbox 988 4198 1153 4283; x_wconf 92' lang='lat' dir='ltr'><strong>posuimus</strong></span> <span class='ocrx_word' id='word_1_191' title='bbox 1184 4197 1402 4282; x_wconf 89' lang='lat' dir='ltr'><strong>principium,</strong></span> 
     </span>
    </p>
   </div>
   <div class='ocr_carea' id='block_1_4' title="bbox 264 4348 1401 4440">
    <p class='ocr_par' dir='ltr' id='par_1_4' title="bbox 264 4348 1401 4440">
     <span class='ocr_line' id='line_1_25' title="bbox 264 4348 1401 4440; baseline -0.004 -22"><span class='ocrx_word' id='word_1_192' title='bbox 264 4351 347 4440; x_wconf 90' lang='lat' dir='ltr'><strong>quod</strong></span> <span class='ocrx_word' id='word_1_193' title='bbox 365 4354 528 4440; x_wconf 87' lang='lat' dir='ltr'><strong>quantivis</strong></span> <span class='ocrx_word' id='word_1_194' title='bbox 548 4353 702 4429; x_wconf 87' lang='lat' dir='ltr'><strong>facimus,</strong></span> <span class='ocrx_word' id='word_1_195' title='bbox 727 4363 760 4421; x_wconf 90' lang='lat' dir='ltr'><strong>et</strong></span> <span class='ocrx_word' id='word_1_196' title='bbox 779 4373 906 4421; x_wconf 88' lang='lat' dir='ltr'><strong>summa</strong></span> <span class='ocrx_word' id='word_1_197' title='bbox 925 4351 1044 4418; x_wconf 88' lang='lat' dir='ltr'><strong>virium</strong></span> <span class='ocrx_word' id='word_1_198' title='bbox 1066 4352 1243 4418; x_wconf 88' lang='lat' dir='ltr'><strong>intentione</strong></span> <span class='ocrx_word' id='word_1_199' title='bbox 1263 4348 1295 4415; x_wconf 93' lang='lat' dir='ltr'><strong>id</strong></span> <span class='ocrx_word' id='word_1_200' title='bbox 1316 4350 1401 4415; x_wconf 90' lang='lat' dir='ltr'><strong>tueri</strong></span> 
     </span>
    </p>
   </div>
   <div class='ocr_carea' id='block_1_5' title="bbox 265 4507 505 4574">
    <p class='ocr_par' dir='ltr' id='par_1_5' title="bbox 265 4507 505 4574">
     <span class='ocr_line' id='line_1_26' title="bbox 265 4507 505 4574; baseline -0.004 -2"><span class='ocrx_word' id='word_1_201' title='bbox 265 4507 435 4574; x_wconf 87' lang='lat' dir='ltr'><strong>enitemur.</strong></span> <span class='ocrx_word' id='word_1_202' title='bbox 501 4547 505 4552; x_wconf 92' lang='lat'><em>-</em></span> 
     </span>
    </p>
   </div>
   <div class='ocr_carea' id='block_1_6' title="bbox 0 0 1680 5528">
    <p class='ocr_par' dir='ltr' id='par_1_6' title="bbox 0 0 1680 5528">
     <span class='ocr_line' id='line_1_27' title="bbox 0 0 1680 5528; baseline 0 5"><span class='ocrx_word' id='word_1_203' title='bbox 0 0 1680 5528; x_wconf 95' lang='lat' dir='ltr'><strong> </strong></span> 
     </span>
    </p>
   </div>
  </div>
 </body>
</html>
