3352 5528
843 585 864 656 t

271 826 310 874 ex
334 805 486 893 Hispania
511 806 672 894 proiectus
696 808 836 874 Meeoam
861 807 946 873 risit.
996 805 1129 873 Tenebit
1154 813 1186 872 te
1209 805 1410 892 aliquamdiu

272 957 448 1026 Christiani
481 964 606 1030 sincera
636 961 713 1028 fides
736 970 768 1027 et
791 960 910 1028 candor
932 958 1079 1045 puerilis;
1102 977 1176 1025 mox
1200 979 1274 1026 cum
1298 959 1405 1028 dolore

270 1114 389 1180 senties
409 1114 571 1183 bominem
591 1117 720 1202 angusti
739 1125 770 1180 et
788 1114 893 1181 obtusi
913 1112 1013 1178 animi
1029 1131 1188 1198 perpauca
1207 1131 1246 1178 ex
1264 1113 1304 1178 iis
1323 1133 1408 1201 quae

269 1268 504 1355 contemplatus
534 1277 583 1336 est
613 1269 808 1355 intelligere,
840 1276 872 1334 et
903 1285 997 1353 saepe
1026 1265 1085 1332 tibi
1107 1264 1274 1333 fastidium
1297 1287 1404 1332 move-

268 1419 351 1487 bunt
374 1421 621 1503 homunciones,
645 1423 729 1490 unde
752 1433 819 1490 tam
840 1441 942 1509 pauca
965 1418 1071 1487 discas
1090 1428 1123 1486 et
1146 1419 1317 1508 inquibus
1339 1430 1404 1489 tam

268 1574 371 1641 multa
393 1583 426 1642 te
449 1574 620 1643 offendant.
655 1576 770 1663 Specta
793 1576 874 1643 mibi
893 1582 1007 1642 contra
1026 1572 1189 1639 bominem
1210 1572 1404 1640 blohamrne·

267 1727 402 1795 danuml
431 1729 640 1816 ¹Tempestate
662 1729 788 1798 dolatus
812 1737 862 1796 est
885 1729 918 1794 in
942 1726 1100 1801 insulam,
1126 1744 1223 1812 quarn
1248 1746 1311 1793 non
1334 1736 1404 1795 erat

269 1883 439 1948 eonsilium
463 1881 567 1948 adire:
591 1884 722 1970 appellit
749 1883 948 1962 Messanam,
980 1890 1012 1948 et
1035 1900 1073 1947 ex
1096 1899 1134 1947 eo
1157 1898 1235 1946 casu
1260 1881 1405 1946 nascitur

269 2034 360 2102 nobis
383 2036 512 2104 Siciliae
534 2035 708 2124 descriptio
730 2044 887 2123 regnante
906 2054 982 2121 rege
1002 2031 1216 2102 llormandioo
1237 2032 1405 2100 Guilielmo

267 2189 372 2268 Bono,
396 2210 478 2276 quae
498 2198 564 2258 tam
584 2209 754 2278 expressa,
776 2197 842 2255 tam
864 2188 957 2276 plena
978 2206 1087 2255 rerum
1109 2187 1229 2254 summi
1252 2189 1405 2254 momenti

268 2351 333 2421 est,
359 2351 395 2409 ut
418 2345 509 2430 paria
538 2344 589 2410 bis
613 2345 733 2411 trustra
757 2362 895 2432 quaeras
912 2340 999 2430 apud
1022 2340 1198 2427 scriptores
1222 2339 1407 2409 Sicilienses

267 2496 434 2584 aequales,
462 2497 512 2564 uel
543 2498 628 2586 apud
660 2499 826 2585 Hugonem
855 2493 1072 2573 Faloaudum,
1104 2494 1160 2582 qui
1190 2494 1305 2561 aetatis
1328 2515 1405 2563 suae

269 2650 401 2717 Tacitus
423 2651 602 2738 appellatus
626 2660 686 2720 est.

311 2804 423 2890 ltaque
454 2803 518 2871 illis
548 2807 747 2894 temporibus
776 2813 847 2874 erat
869 2804 935 2871 illic
960 2802 1034 2880 lux,
1059 2801 1112 2868 bic
1135 2800 1296 2870 tenebrae.
1344 2801 1406 2870 Sel

268 2957 375 3022 omnia
398 2977 552 3026 conversa
576 2969 652 3027 sunt
675 2961 709 3027 in
732 2959 943 3027 eontrarium.
991 2958 1110 3024 Actum
1132 2963 1182 3022 est
1205 2955 1245 3022 de
1264 2954 1406 3022 liobam-

268 3109 477 3178 medanorum
501 3114 659 3198 potentia:
684 3113 856 3180 nonnullae
879 3132 918 3178 ex
935 3111 1051 3199 opimis
1073 3109 1200 3177 illorum
1221 3108 1409 3196 regionibus

266 3273 433 3331 cesserunt
457 3264 590 3350 buglis,
624 3265 743 3345 Gallis,
774 3266 908 3342 Russis,
932 3263 1024 3329 nobis
1049 3264 1186 3332 Batavis.
1235 3264 1406 3351 Propterea

268 3425 442 3504 supersunt
466 3419 584 3485 Turcia
609 3428 641 3486 et
665 3422 850 3509 Aegyptus,
875 3418 952 3504 quia
977 3416 1157 3485 christiani
1180 3415 1244 3484 sibi
1266 3419 1351 3484 inter
1372 3439 1407 3485 se

267 3574 325 3640 bas
357 3572 571 3659 possessiones
601 3572 757 3640 invident.
804 3573 846 3640 ut
876 3570 933 3638 ubi
963 3569 1090 3638 ostilia
1115 3572 1262 3657 superior
1286 3570 1407 3638 intelli·

267 3726 363 3814 gendi
381 3723 519 3792 facultas
538 3746 601 3814 qua
618 3726 695 3793 olim
714 3723 878 3793 anteibant
894 3724 1053 3812 reliquos?
1079 3722 1141 3806 Qui
1160 3723 1252 3791 nobis
1269 3724 1405 3792 antebac

266 3880 416 3966 magistri
454 3888 547 3947 erant
578 3878 656 3946 adeo
685 3878 923 3966 degenerarunt
953 3886 991 3945 ut
1022 3898 1063 3945 ue
1093 3876 1242 3965 discipuli
1273 3878 1404 3964 quidem

267 4034 370 4100 nostri
397 4032 467 4100 lieri
499 4034 632 4121 possint.
680 4032 816 4100 Gabinae
839 4052 943 4120 nuper
968 4031 1150 4120 complures
1173 4030 1265 4110 libri,
1288 4033 1405 4120 quibus

266 4187 507 4275 disciplinarum
532 4188 666 4255 scientia
686 4188 886 4267 continetur,
909 4207 928 4254 e
950 4186 1071 4254 Gallico
1096 4204 1243 4252 sermone
1266 4187 1300 4252 in
1324 4187 1405 4252 bra·

266 4341 375 4408 bieum
408 4342 554 4409 conuersi
587 4349 680 4419 sunt,
712 4340 767 4408 sed
800 4340 880 4408 nihil
912 4349 1064 4429 prosunt,
1093 4341 1170 4425 quia
1202 4339 1404 4426 popularium

268 4505 398 4582 captum
423 4503 590 4582 superant.
