3352 5528
816 549 859 619 ll

272 775 359 841 omni
388 775 514 841 notione
545 773 768 853 auctoritatis,
801 782 833 841 et
858 774 912 841 ubi
937 793 1030 840 nemo
1054 774 1244 860 cuiusquam
1270 775 1408 841 auctori·

269 937 369 996 tatcm
398 935 581 1005 reveretur,
613 945 717 1014 neque
739 925 879 994 officium
898 933 947 993 est
970 927 1135 994 communi
1158 927 1304 994 omnium
1329 927 1405 994 duoi

269 1101 402 1169 parere,
433 1082 477 1146 ibi
510 1080 597 1148 nullo
625 1079 718 1147 modo
749 1088 806 1147 aut
836 1080 949 1148 stabile
973 1081 1167 1168 imperium,
1201 1089 1257 1147 aut
1289 1082 1408 1150 iustam

268 1255 379 1303 rerum
403 1234 652 1303 moderationem
677 1243 710 1303 et
733 1235 877 1322 regimen
903 1235 979 1302 licet
1002 1241 1202 1323 exspectare.

314 1390 569 1466 Potesttamen,
595 1389 719 1468 fateor,
746 1388 881 1478 populus
905 1408 995 1456 snam
1021 1397 1169 1456 naturam
1194 1397 1226 1457 et
1250 1387 1407 1468 indolem,

269 1545 296 1608 si
321 1545 431 1609 minus
456 1550 599 1622 mutare,
631 1553 664 1610 at
688 1551 776 1612 certe
799 1544 949 1629 mitigare
974 1552 1006 1610 et
1028 1545 1202 1631 corrigere.
1249 1541 1318 1608 Non
1339 1550 1409 1608 erat

269 1716 398 1763 neccsse
428 1697 565 1773 Arabes,
598 1718 698 1784 quum
730 1698 763 1762 in
796 1694 927 1763 Perside
950 1706 980 1762 et
1006 1697 1039 1763 in
1060 1698 1234 1784 provinciis
1256 1696 1410 1762 Romanis

269 1859 374 1916 certas
408 1868 447 1915 ac
478 1851 609 1920 stabiles
640 1851 731 1920 sedes
761 1851 944 1938 cepissent,
969 1847 1157 1919 effrenatam
1181 1851 1270 1918 illam
1293 1869 1332 1916 ex
1355 1849 1408 1916 de·

269 2003 365 2070 sertis
388 2001 569 2072 libertatem
593 2009 745 2073 retinere.
793 2005 920 2070 Poterat
945 2005 1108 2091 ingenitus
1132 2003 1292 2071 libertatis
1318 2020 1408 2069 amor

269 2156 428 2243 mitigare
452 2169 601 2248 poterant
620 2159 775 2247 paulatim
799 2158 950 2244 regimini
970 2157 1116 2224 ordinato
1137 2157 1314 2226 assuefieri.
1351 2159 1408 2224 Po·

267 2317 391 2387 teraut;
424 2312 479 2379 sed
510 2314 570 2381 bac
605 2321 692 2382 certe
723 2313 807 2398 lege:
844 2320 879 2378 ut
911 2314 1023 2400 aequis
1054 2311 1292 2380 conditionibus
1323 2313 1408 2380 inter

269 2469 355 2553 ipsos
389 2475 422 2533 et
456 2469 598 2556 ipsorum
644 2485 753 2553 regem
792 2467 837 2532 ita
876 2467 1080 2542 conveniret,
1114 2474 1150 2532 ut
1180 2465 1220 2532 de
1250 2485 1308 2533 suo
1338 2467 1409 2534 iure

270 2621 399 2707 utrique
436 2620 557 2709 aliquid
593 2623 805 2689 remitterent.
853 2620 962 2706 Neque
999 2639 1052 2686 rex
1087 2627 1278 2706 potestatem
1312 2620 1408 2686 nullis

269 2776 440 2841 coercitam
465 2773 583 2840 finibus
606 2782 755 2863 appetere
778 2772 932 2854 debebat,
959 2793 1060 2860 neque
1085 2775 1141 2860 qui
1161 2776 1230 2861 regi
1255 2772 1410 2862 parebant

268 2936 408 2994 veterem
445 2929 512 2993 sine
547 2926 646 2994 irenis
680 2927 855 2994 licentiam.
907 2928 1023 2995 Nostra
1054 2927 1313 2995 Christianorum
1349 2949 1407 3016 per

270 3081 413 3149 medium
438 3100 551 3147 aevum
577 3081 708 3149 historia
732 3086 816 3151 viam
841 3101 905 3170 qua
929 3092 1013 3148 essct
1035 3081 1177 3148 eundum
1198 3080 1406 3148 demonstrat.

268 3236 303 3301 lu
336 3255 370 3300 re
403 3255 518 3322 magna
547 3245 579 3304 et
603 3239 693 3322 graui
716 3236 929 3304 consuluntur
952 3256 971 3302 a
994 3256 1069 3323 rege
1092 3236 1262 3322 optimates
1285 3242 1317 3299 ct
1341 3234 1405 3300 ele·

268 3407 341 3464 rus,
365 3396 475 3475 postea
499 3388 645 3455 civitates
668 3409 806 3476 quoque.
844 3391 931 3457 lacta
954 3397 1046 3455 erant
1062 3387 1271 3454 fundamenta
1295 3406 1404 3452 rernm

267 3541 523 3620 constitutionis,
555 3542 680 3628 qualem
713 3562 798 3609 nunc
825 3544 990 3611 babemus.
1038 3538 1174 3608 llerebat
1196 3540 1328 3610 eandem
1354 3542 1403 3607 rei

268 3696 522 3781 progressionem
541 3695 683 3764 Arabum
703 3716 829 3784 quoque
852 3695 992 3772 indoles;
1015 3713 1154 3780 namque
1174 3692 1329 3782 quamdiu
1347 3693 1405 3759 llo·

267 3848 377 3915 mades
405 3848 534 3916 fuerant
556 3850 596 3916 de
620 3849 760 3938 qualibet
784 3869 820 3916 rc
842 3851 988 3936 graviore
1014 3858 1120 3936 patres
1145 3845 1342 3913 familiarum
1369 3849 1402 3912 in

267 4022 437 4070 commune
466 4004 691 4084 consulebant,
723 4003 807 4073 unde
838 4003 937 4070 veluti
969 4010 1100 4070 senatus
1133 4001 1262 4087 quidam
1287 4002 1401 4068 existe-

264 4156 338 4232 bat,
358 4159 414 4243 qui
435 4159 612 4248 principem
636 4158 778 4225 consiliis
797 4156 981 4226 adiuuabat.
1018 4155 1066 4223 Ad
1086 4155 1171 4222 hunc
1194 4175 1295 4242 usque
1315 4155 1401 4220 diem

267 4311 300 4374 in
324 4308 449 4377 deserto
472 4314 517 4380 ita
542 4313 612 4379 lieri
635 4313 762 4380 assolet.
798 4313 905 4396 Quare
928 4312 978 4378 his
996 4309 1214 4377 fundamentis
1234 4318 1302 4375 tam
1323 4306 1403 4374 bene

264 4463 358 4530 iactis
390 4463 468 4532 nibil
496 4465 775 4553 superstructum?
819 4467 937 4544 Gausa,
968 4466 1100 4552 opinor,
1126 4465 1158 4536 iu
1184 4469 1313 4549 promtu
1336 4468 1399 4525 cst.
