3352 5528
813 548 857 617 12

270 767 306 834 ln
329 776 453 836 tantam
478 767 594 836 molem
621 779 806 836 excreverat
831 776 862 836 et
888 767 1068 836 coalescens
1093 768 1180 834 natio
1203 777 1235 836 ot
1255 789 1407 859 regnum,

160 979 161 982 ,
268 931 306 989 nt
324 922 454 989 Petrum
475 921 614 989 familias
633 925 778 990 omnium
803 923 1009 1010 congregatio
1029 923 1062 988 in
1083 941 1184 989 unum
1207 923 1294 990 nullo
1315 934 1409 1013 pacto

266 1074 373 1143 locum
396 1075 513 1143 babere
533 1083 658 1164 posset,
682 1077 834 1164 quoniam
859 1076 1064 1162 congregatio
1083 1073 1307 1144 huiuscemodi
1328 1099 1404 1146 non·

268 1227 331 1294 nisi
370 1229 403 1295 in
444 1248 505 1296 una
545 1229 633 1296 tribu
668 1238 725 1296 nut
753 1232 786 1297 in
821 1229 901 1296 nrbe
933 1247 996 1296 una
1029 1236 1085 1295 ant
1117 1231 1252 1317 cogitari
1284 1239 1406 1318 potest,

267 1389 324 1447 aut
353 1402 495 1469 unquam
528 1382 612 1450 lacta
645 1392 704 1451 est.
753 1385 790 1450 ln
822 1383 918 1450 buius
945 1382 1051 1450 locum
1075 1380 1210 1450 debebat
1233 1385 1405 1454 succedere

268 1535 296 1600 is
328 1534 463 1616 modus,
487 1545 536 1615 ut
562 1540 656 1624 pauci
688 1558 707 1604 a
735 1536 845 1604 multis
874 1537 976 1604 creati
1009 1555 1065 1623 pro
1096 1537 1246 1604 omnibns
1277 1547 1404 1606 senten·

267 1690 330 1756 tias
362 1687 515 1759 dicerent.
574 1689 637 1758 Sed
672 1690 769 1757 buius
804 1691 945 1758 instituti
985 1691 1072 1757 notio
1108 1709 1211 1777 neque
1247 1690 1405 1761 brabibus

266 1843 300 1908 in
331 1851 471 1910 mentem
501 1843 605 1921 venit,
642 1863 745 1931 neque
777 1842 832 1910 ulli
863 1845 1015 1929 antiquae
1043 1841 1238 1931 reipublicae
1262 1853 1319 1912 aut
1342 1867 1408 1913 mo·

268 1997 442 2078 narcbiae,
473 2004 505 2064 et
535 1995 563 2062 si
594 1998 688 2064 cuius
714 1998 859 2064 animum
890 1998 1040 2084 cogitatio
1075 1996 1258 2065 bninsmodi
1291 1998 1405 2066 subiis-

268 2159 334 2231 set,
369 2167 481 2218 vereor
510 2171 549 2218 ne
582 2172 638 2239 pro
666 2172 700 2219 re
733 2150 871 2219 absurda
903 2151 1023 2218 reiecta
1050 2149 1182 2230 fnisset,
1207 2151 1321 2219 iisdem
1344 2153 1407 2220 lor·

269 2312 355 2372 tasse
378 2304 546 2372 decausis
571 2303 778 2394 quamobrem
807 2326 825 2371 a
849 2305 1000 2372 llossavio
1024 2303 1191 2391 repudiata
1215 2313 1274 2372 est.
1322 2305 1406 2388 Quid

269 2460 371 2546 igitur
397 2467 467 2527 erat
498 2460 631 2548 reliqui?
676 2457 764 2525 Nihil
797 2467 922 2546 praeter
950 2457 1112 2524 inlinitum
1146 2421 1243 2524 unius
1265 2456 1405 2525 bominis

268 2614 451 2700 imperinm.
507 2613 568 2681 Sed
603 2613 649 2679 illi
685 2613 732 2679 rei
769 2631 871 2698 neque
905 2611 1025 2678 assueti
1057 2620 1168 2692 erant,
1204 2631 1308 2698 nequo
1338 2608 1402 2676 ullo

267 2775 361 2853 pacto
394 2767 428 2833 id
457 2766 624 2835 ferendum
661 2786 729 2833 esse
763 2765 1025 2845 arbitrabantnr3
1064 2773 1160 2852 atque
1199 2767 1245 2833 sic
1278 2763 1400 2831 lactum

267 2928 317 2986 est
349 2929 383 2986 ul
412 2919 592 3007 calipbntus
624 2920 783 3007 primum,
815 2918 930 2985 deinde
963 2925 1069 3005 partes
1099 2939 1138 2984 ex
1161 2938 1198 2985 eo
1222 2917 1401 2992 abscissae,

185 3110 187 3116 ·
269 3073 302 3139 in
327 3082 497 3160 perpetuas
520 3072 691 3140 seditiones
710 3082 741 3141 et
760 3070 997 3138 inextricabiles
1017 3071 1127 3138 turbas
1148 3072 1402 3160 implicarentur.

269 3226 408 3314 Regibus
442 3227 596 3295 adversus
630 3248 667 3294 ea
703 3225 786 3293 idem
823 3225 941 3313 ubique
976 3223 1168 3292 remedium.
1215 3229 1405 3315 Peregrinos

268 3381 415 3448 mercede
432 3381 667 3460 conducebant,
684 3380 882 3458 Sclavnnios,
901 3381 1041 3458 anoas,
1061 3381 1228 3458 Berbcros,
1245 3380 1403 3468 Nigritas,

270 3531 471 3602 Christianos
486 3555 525 3601 ex
545 3535 697 3622 Hispania
717 3534 863 3612 believe,
886 3535 943 3622 qui
963 3533 1050 3600 nulla
1070 3533 1306 3601 necessitudine
1319 3553 1403 3600 com·

268 3690 377 3756 munis
408 3688 615 3756 emolumenti
646 3689 811 3757 coniuncti
840 3707 916 3755 cum
945 3687 1169 3777 popularibus,
1201 3705 1339 3775 quornm
1363 3705 1403 3753 ne

268 3841 412 3929 lingnam
435 3843 564 3931 quidem
589 3843 763 3922 callebant,
787 3862 897 3909 omncs
916 3840 1086 3908 resistendi
1103 3847 1238 3906 conatus
1257 3859 1314 3926 per
1333 3840 1400 3907 vim

268 3996 501 4083 opprimebant.
548 3997 726 4066 Vincebant
746 3995 850 4083 iniqui
874 3965 1106 4101 dominatorem
1130 3991 1185 4060 sed
1209 3992 1316 4060 brevis
1335 4000 1406 4061 erat

268 4148 323 4215 illa
347 4152 500 4234 victoria,
532 4153 608 4239 quia
629 4152 690 4239 ipsi
717 4151 835 4239 ubique
860 4146 1051 4215 satellitibus
1074 4148 1143 4214 suis
1165 4147 1286 4214 servire
1310 4166 1402 4233 coge-

268 4303 406 4386 bantur,
432 4309 488 4394 qui
511 4306 672 4375 veteribus
693 4304 832 4372 dominis
854 4303 905 4370 vel
925 4301 1072 4369 umbram
1093 4301 1259 4390 potestatis
1279 4301 1403 4390 eripue-

268 4466 362 4540 runt,
394 4462 527 4549 imperio
558 4469 716 4530 eruerunt
746 4467 777 4527 et
808 4457 870 4547 ipsi
899 4476 998 4544 regna
1031 4462 1256 4546 capessernnt,
1286 4454 1403 4543 quibus
