3352 5528
580 311 869 571 N

884 591 916 667 ”o

348 823 516 891 Graeciam
539 828 571 888 et
595 819 673 885 alias
693 821 800 886 neseio
820 840 899 906 quas
919 821 1282 945 regionegperagraviu
1310 828 1345 885 ut
1365 820 1482 907 ubique

348 977 464 1044 harum
500 994 610 1042 rerum
642 975 761 1060 peritos
800 975 999 1054 consuleret,
1037 978 1086 1041 sin
1134 975 1179 1041 las
1215 974 1340 1060 plantas
1372 985 1482 1042 exacta

346 1150 425 1197 eura
446 1129 646 1217 expioraret,
672 1148 747 1193 cum
771 1130 974 1214 superiorum
994 948 1262 1359 descrdeibus
1282 1138 1483 1215 compararet

337 1303 464 1369 easque
487 1303 545 1368 pro
569 1301 604 1348 re
628 1289 703 1347 nata
727 1289 784 1346 aut
808 1284 983 1369 corrigeret
1006 1292 1062 1350 aut
1086 1293 1265 1387 supparet,
1292 1293 1326 1348 ut
1345 1282 1483 1370 denique

346 1435 473 1502 fructus
504 1435 650 1501 diuturni
681 1434 799 1502 laboris
829 1437 863 1500 in
893 1456 1026 1523 maguae
1051 1437 1143 1502 molis
1167 1457 1260 1524 opere
1292 1446 1481 1524 exponeret,

345 1589 430 1677 quod
461 1597 511 1655 est
543 1598 789 1656 monumentum
829 1609 902 1657 aere
934 1590 1129 1676 perennius?
1174 1590 1234 1682 Ubi
1262 1591 1480 1678 geograpbum

347 1743 492 1810 invenias
522 1742 627 1829 quatis
657 1750 706 1810 est
735 1741 857 1820 Edrisi,
893 1743 949 1828 qui
987 1745 1112 1830 copiose
1143 1753 1175 1810 et
1207 1731 1343 1810 fideliter
1373 1744 1483 1810 orbem

344 1907 506 1964 terrarum
541 1905 645 1964 totum
680 1896 871 1982 descripsit,
909 1898 964 1982 qui
997 1896 1093 1962 urbes
1128 1907 1160 1963 et
1199 1919 1297 1984 pagos
1334 1899 1480 1984 Europae

345 2049 469 2116 mediae
492 2057 524 2116 et
548 2052 724 2138 superioris
746 2059 812 2116 tam
834 2048 913 2117 hene
936 2053 1080 2136 cognitos
1101 2050 1236 2117 habebat
1257 2060 1354 2138 atque
1374 2051 1483 2118 indiae

345 2211 378 2270 et
408 2205 500 2290 regni
523 2203 668 2271 Sinensis
687 2213 719 2270 et
738 2203 917 2290 Nigritiae?
949 2202 1034 2268 Nihil
1053 2206 1229 2290 antiquitas
1247 2204 1379 2292 protulit
1399 2205 1483 2291 quod

346 2378 422 2424 cum
446 2357 500 2424 ilio
522 2360 673 2444 giganteo
695 2377 789 2444 opere
812 2359 960 2444 componi
980 2358 1094 2444 possit,
1119 2367 1149 2424 et
1171 2359 1309 2425 miiitum
1331 2361 1484 2444 temporis

346 2513 521 2598 praeterire
544 2511 655 2578 debuit
678 2521 849 2596 antequam
875 2531 954 2577 nova
978 2521 1065 2578 aetas
1089 2531 1169 2597 opus
1193 2513 1320 2599 prodire
1342 2512 1483 2591 videret,

346 2665 431 2752 qtrod
468 2665 672 2751 aequiparari
705 2674 809 2751 posset
841 2664 905 2741 illi,
944 2667 1038 2731 euius
1074 2674 1185 2731 auctor
1221 2667 1322 2733 Arabs
1354 2665 1483 2732 saeculo

326 2818 538 2920 duodecimo
568 2817 640 2884 suit.
688 2820 855 2884 Praeterea
887 2819 943 2882 ubi
975 2820 1117 2905 reperias
1149 2820 1181 2884 in
1204 2820 1350 2906 Europae
1375 2827 1482 2906 parte,

348 2992 443 3058 quam
465 2971 639 3038 Christiani
656 2971 860 3050 habitabant,
879 2972 1102 3059 philosophum
1120 2983 1151 3038 et
1171 2972 1362 3038 historicum
1381 2972 1485 3058 qualis

346 3134 394 3192 est
417 3124 662 3202 ibn-Chaidun,
691 3126 747 3211 qui
771 3126 890 3211 insigni
918 3127 1037 3192 mentis
1060 3127 1208 3192 acumine
1232 3146 1341 3191 rerum
1371 3146 1485 3192 causas

343 3288 374 3344 et
399 3277 510 3344 effecta
535 3279 764 3366 perspiciebat,
795 3288 828 3347 et
859 3298 973 3347 causas
1003 3280 1171 3365 indagaret
1194 3301 1254 3344 cur
1278 3299 1394 3365 rrragna
1421 3281 1481 3344 im·

344 3433 434 3519 peria
457 3442 513 3498 aut
538 3432 728 3500 tollerentur
753 3435 784 3498 in
810 3434 910 3501 altum
935 3442 992 3498 aut
1015 3444 1167 3511 ruerent,
1192 3433 1270 3499 adeo
1296 3444 1332 3498 ut
1355 3453 1484 3519 exspec-
1516 3511 1524 3522 Ι

344 3588 408 3651 tari
439 3586 584 3653 debuerit
623 3587 722 3653 donec
756 3589 832 3654 Vico
864 3598 896 3654 et
926 3588 1148 3674 Montesquieu
1180 3595 1410 3662 nascerentur,
1449 3596 1484 3650 ut

342 3741 508 3806 internos
532 3740 618 3806 iliius
642 3741 783 3807 aemulos
804 3740 1007 3808 haberemus,
1057 3741 1139 3822 Quid
1165 3741 1284 3807 babent
1307 3738 1482 3806 Christiani

343 3893 427 3979 quod
453 3894 516 3960 illis
539 3895 720 3982 opponant?
754 3893 836 3975 Quid
859 3893 1036 3962 effecerunt
1060 3895 1144 3982 quod
1174 3896 1237 3961 iilis
1262 3895 1402 3981 palmam
1426 3892 1482 3958 du·

344 4048 429 4114 biam
453 4046 559 4115 iacere
584 4050 707 4136 posset?
744 4048 828 4114 Nihil
854 4070 995 4136 prorsus.
1044 4050 1084 4116 Ut
1108 4052 1192 4116 inter
1210 4070 1278 4116 sese
1302 4049 1483 4134 comparari

341 4201 464 4287 possint
488 4203 528 4269 ad
553 4203 704 4270 inferiora
724 4202 991 4270 descendendum.
1030 4203 1175 4290 Agedum
1195 4210 1379 4290 comparato
1400 4199 1482 4265 mihi

343 4354 459 4442 aliquis
484 4359 685 4425 narrationes
705 4359 979 4434 Christianorum,
997 4359 1052 4443 qui
1076 4359 1208 4425 Terram
1229 4364 1374 4423 sanctem
1396 4353 1481 4420 adie-

342 4518 435 4588 runt,
469 4532 542 4578 cum
573 4514 757 4579 narratione
786 4512 921 4592 hrabiS,
952 4513 1054 4598 quatis
1087 4525 1132 4580 est
1166 4510 1390 4600 ibn-Djohair,
1424 4509 1478 4595 qui
